2057 3375
1070 294 1129 338 50

615 431 878 484 Μαρτύρομαι
909 432 975 475 τὸν
1005 433 1160 488 φίλιον,
1195 431 1223 477 ὦ
1257 434 1442 487 Κράτων,
1477 437 1559 481 Δία
1574 452 1584 462 ·

409 508 650 563 Φερεκράτης
684 511 967 564 Κραπατάλοις
983 525 992 535 ·

950 596 1046 639 Τοῖς
1077 592 1117 635 δὲ
1149 598 1301 645 κριταῖς

831 676 911 718 τοῖς
942 672 1019 714 νυνὶ
1052 673 1214 724 κρίνουσι
1245 672 1354 724 λέγω

828 751 886 799 μη
918 750 1100 803 ’πιορκεῖν
1131 750 1225 802 μηδ’
1256 751 1399 800 άδίκως

826 829 962 881 κρίνειν
995 830 1019 878 ἢ
1051 831 1095 878 νη
1126 831 1192 873 τὸν
1224 832 1356 885 Φίλιον

825 908 942 957 μῦθον
974 908 1028 954 εἷς
1061 908 1168 959 ὑμᾶς
1203 907 1330 960 ἕτερον

828 986 1069 1039 Φερεκράτης
1101 987 1207 1038 λέξει
1240 990 1342 1032 πολὺ
1373 990 1463 1032 τού-

826 1080 894 1107 του
925 1065 1309 1119 κακηγοριστότερον.

400 1144 529 1186 Mein.
558 1145 676 1188 Com.
704 1144 774 1187 IV.
804 1144 874 1187 85.
896 1144 952 1187 ΙΙ.
975 1145 1076 1188 293.
1098 1145 1151 1188 cf.
1179 1145 1450 1202 Phrynichus
1472 1147 1607 1191 Bekk.
1633 1150 1686 1191 ‘11
1703 1183 1714 1199 ‚
1739 1151 1763 1193 ‘1

398 1227 443 1267 et
474 1222 615 1267 Schol.
647 1222 777 1279 Gorg.
810 1223 901 1268 500
931 1223 979 1267 B.

457 1302 560 1345 ibid.
613 1303 702 1345 242
744 1303 781 1344 A
824 1304 1075 1356 σταθερόν·
1121 1304 1167 1345 τὸ
1209 1305 1361 1357 σφόδρα
1394 1306 1553 1358 θερμόν,
1587 1307 1668 1349 άπὸ
1700 1314 1771 1356 τῆς

397 1383 437 1424 ἐν
477 1383 532 1435 τῷ
568 1381 662 1435 θέρει
696 1381 969 1434 μεσημβρίας.
1002 1382 1070 1425 καὶ
1103 1384 1375 1437 Ἀντίμαχος·
1410 1385 1530 1438 θέρεος
1560 1387 1769 1439 σταθεροῖο.

395 1463 461 1505 καὶ
494 1462 539 1505 τὸ
570 1461 682 1509 ἑστὸς
714 1461 754 1504 δὲ
783 1462 849 1504 καὶ
883 1463 1046 1515 ἠρεμοῦν
1078 1463 1262 1517 σταθερὸν
1295 1463 1469 1515 λέγουσι.

456 1540 732 1584 Contractius
774 1540 929 1583 eadem
971 1540 1174 1597 leguntur
1214 1542 1261 1584 in
1302 1541 1407 1586 Lex.
1440 1543 1597 1587 rhetor.
1630 1543 1766 1588 Bekk.

395 1621 508 1671 305,
552 1621 576 1663 7
622 1619 884 1672 σταθερόν·
927 1620 972 1662 τὸ
1014 1620 1172 1674 σφόδρα
1203 1622 1339 1675 θερμὸν
1380 1623 1587 1674 σημαίνει,
1625 1624 1691 1666 καὶ
1725 1625 1770 1667 τὸ

394 1701 557 1753 ἠρεμοῦν
604 1699 671 1741 καὶ
714 1699 759 1741 τὸ
803 1698 928 1746 ἑστός.
996 1699 1158 1743 Dubito
1203 1704 1373 1754 tamen,
1416 1716 1517 1744 num
1563 1716 1586 1745 e
1629 1703 1767 1746 lexico

393 1779 624 1822 Atticistae
654 1777 869 1821 fluxerint.
923 1777 1017 1821 Hoc
1049 1778 1175 1822 video
1207 1780 1251 1822 in
1283 1780 1439 1823 Boethi
1470 1780 1616 1836 glossa
1648 1781 1766 1837 apud

391 1859 592 1902 Photium
623 1872 658 1901 v.
690 1857 875 1910 σταθερόν
907 1871 995 1901 non
1027 1862 1146 1902 recte
1177 1858 1236 1902 ad
1267 1858 1472 1903 Scholion
1504 1874 1763 1916 provocasse

390 1938 623 1981 Naberum.

452 2017 592 2060 Schol.
615 2016 752 2058 Alcib.
774 2015 838 2058 11:
866 2017 950 2057 147
975 2017 1013 2058 D
1036 2016 1080 2058 τὸ
1105 2020 1293 2070 mabam
1321 2018 1385 2059 ε’πὶ
1407 2018 1606 2067 τεσσάρων
1623 2019 1765 2059 ἐννοιῶν

388 2096 609 2147 τάσσεται,
643 2095 736 2138 κατ’
768 2094 1026 2144 ἐναντιότητα
1057 2094 1501 2148 παραλαμβανομένων.
1534 2095 1599 2139 ἐπὶ
1632 2096 1764 2140 άπλό-

389 2192 505 2227 τητος
546 2175 614 2217 καὶ
655 2175 830 2224 εὐηθείας
872 2174 1123 2225 Δημοσθένης
1139 2189 1150 2200 ·
1190 2177 1231 2218 οὐ
1265 2176 1346 2228 γὰρ
1379 2178 1412 2218 εἰ
1444 2176 1617 2228 Φαύλοις
1649 2177 1762 2227 ὑμεῖς

387 2257 631 2310 προστάταις
662 2255 836 2308 χρῆσθε·
870 2254 934 2297 ἐπὶ
967 2254 1008 2297 δὲ
1038 2258 1105 2298 τοῦ
1140 2255 1299 2299 ἐπαίνου
1332 2255 1568 2309 Εὐριπίδης·

614 2337 792 2388 Φαῦλον,
826 2331 1009 2387 ἄκομψον
1020 2366 1031 2385 ,
1067 2334 1123 2377 τὰ
1155 2334 1320 2386 μέγιστ’
1351 2334 1526 2386 άγαθόν·

384 2416 450 2459 ἐπὶ
492 2416 533 2457 δὲ
574 2413 788 2469 μεγέθους,
833 2418 994 2467 φαῦλον
1035 2414 1171 2463 στόμα
1213 2415 1303 2456 άντὶ
1342 2418 1410 2456 τοῦ
1444 2414 1582 2464 μέγα·
1623 2414 1688 2455 ἐπὶ
1721 2414 1760 2456 δὲ

384 2494 614 2547 μικρότητος
646 2492 781 2540 εὐθέως
816 2493 854 2534 ἐν
886 2493 996 2547 άρχῇ
1029 2497 1098 2535 τοῦ
1126 2494 1219 2536 κατ’
1240 2492 1575 2546 Ἀριστοκράτους.
1598 2492 1759 2543 λέγουσι

383 2575 422 2618 δὲ
454 2573 521 2617 καὶ
553 2573 624 2623 την
656 2571 839 2626 Φαυλίαν
873 2572 1013 2615 ἐλαίαν
1046 2573 1307 2627 μικρόκαρπον
1339 2570 1459 2616 οὖσαν
1480 2570 1598 2621 οὕτως
1620 2571 1758 2625 ὀνομά-

381 2654 527 2708 ζεσθαι.
556 2652 771 2700 ἐκνενίκηκε
797 2652 929 2703 μέντοι
956 2654 1025 2700 την
1053 2654 1237 2695 παλαιάν
1261 2658 1401 2705 χρῆσιν
1430 2654 1451 2701 ἡ
1481 2653 1535 2699 εἷς
1566 2652 1612 2694 τὸ
1637 2652 1757 2694 κακὸν

382 2732 636 2787 μετάληψις·
674 2735 834 2786 φαῦλον
875 2733 956 2784 γάρ
999 2733 1032 2775 οἱ
1076 2737 1255 2776 πλεῖστοι
1287 2732 1332 2776 τὸ
1364 2732 1486 2775 κακὸν
1516 2730 1753 2782 ἐξακούουσι.
