2057 3375
1088 308 1147 349 94

486 445 676 488 Alteram
694 445 883 500 glossam
894 478 903 496 ,
920 459 1049 500 quam
1069 446 1252 488 servavit
1268 446 1397 489 etiam
1409 445 1588 488 Photius
1599 477 1609 495 ,
1626 445 1792 488 Boetho

425 524 576 567 tribuit
607 523 815 567 Naberus.
848 523 909 566 Cf.
946 524 1109 580 Proleg.
1142 540 1210 580 pg.
1234 525 1291 568 56
1315 524 1367 567 de
1394 524 1535 567 verbis
1557 524 1656 575 ἕκτῳ
1677 524 1795 576 μέρει.

426 604 549 647 Phot.
581 604 711 651 ἐπειδὴ
745 602 843 646 ἕκτω
859 636 869 654 ,
902 605 1018 659 quod
1053 605 1241 648 correxit
1270 604 1467 648 Naberus
1494 606 1577 646 ἐπεὶ
1596 604 1659 647 ἐπὶ
1677 604 1794 656 ἕκτῳ,

426 688 557 739 atque
588 683 652 726 ita
683 682 825 727 Schol.
857 683 1172 739 corrigendum.

485 763 626 807 Schol.
659 764 781 819 Apol.
815 762 931 806 Socr.
967 765 1021 806 19
1055 764 1091 805 Ε
1123 769 1318 816 προῖκα·
1353 763 1491 820 [κατὰ]
1520 761 1674 816 δωρεάν,
1698 763 1790 804 ἄνευ

423 844 576 894 μισθοῦ.

483 921 693 965 Convenit
736 920 851 964 Suid.
897 921 1057 964 omisso
1101 921 1225 964 κατά.
1272 920 1325 964 cf.
1369 920 1510 963 Schol.
1549 919 1676 976 Legg.
1711 919 1796 962 XI:

423 1003 501 1045 921
544 1002 604 1053 A,
638 1001 753 1056 quod
786 1016 839 1044 ex
871 1000 1088 1057 Hesychio
1121 1002 1363 1044 desumtum
1399 1001 1521 1044 duco.

485 1079 626 1123 Schol.
649 1079 808 1123 Phaed.
833 1080 891 1122 64
913 1079 948 1121 B
971 1079 1307 1131 γελασείοντα
1322 1093 1331 1102 ·
1357 1083 1605 1129 γελαστικῶς
1627 1079 1793 1130 ἔχοντα,

421 1159 598 1211 γελάσαι
631 1160 806 1202 θέλοντα.

482 1239 687 1283 Eiusdem
720 1239 890 1294 generis
918 1239 1107 1293 glossam
1132 1238 1312 1294 legimus
1336 1238 1475 1282 Schol.
1498 1238 1627 1293 Gorg.
1650 1238 1740 1281 494
1763 1236 1795 1279 C

421 1323 711 1368 κνησιῶντα*
742 1319 1026 1367 ἐπιθυμητικῶς
1056 1318 1203 1371 ἔχοντα
1235 1322 1304 1360 τοῦ
1336 1319 1524 1367 κνᾶσθαι,
1556 1315 1796 1374 [ἕέστικνή-

421 1398 565 1441 θεσθαι.
613 1397 818 1439 Additum
852 1411 905 1440 ex
938 1395 1184 1456 Hesychio.]
1220 1396 1417 1452 Utraque
1440 1401 1662 1452 superest,
1685 1395 1793 1439 haec

421 1477 538 1533 apud
570 1476 798 1526 Photinm,
832 1476 909 1519 illa
941 1477 1057 1531 apud
1092 1476 1279 1520 Suidam.
1327 1476 1395 1519 Ex
1426 1475 1594 1519 Boetho
1618 1474 1791 1518 fluxisse

420 1556 686 1612 persuadere
713 1556 853 1611 possit
879 1556 934 1612 gl.
953 1556 1069 1611 apud
1090 1556 1318 1612 Didymum
1336 1555 1517 1599 Milleri:
1540 1554 1793 1608 ἄρνυσθαι·

419 1634 649 1686 λαμβάνειν
682 1635 704 1685 ἢ
733 1636 1196 1692 ἀντικαταλλάττεσθαι.
1222 1634 1306 1677 ἐστὶ
1334 1634 1374 1677 δέ
1400 1650 1489 1676 τινα
1511 1633 1577 1676 καὶ
1598 1633 1708 1687 παρα
1724 1634 1793 1681 τὴν

420 1716 622 1763 συνήθειαν
655 1714 758 1762 λέξει
793 1715 1045 1765 διακειμένα,
1079 1714 1426 1767 παρηλλαγμένως
1453 1716 1564 1765 παρα
1586 1713 1790 1766 Πλάτωνι,

419 1791 492 1837 οἷον
535 1795 579 1836 τὸ
623 1796 847 1845 γελασειέιν
883 1793 948 1835 καὶ
981 1793 1025 1835 τὸ
1057 1794 1291 1843 κνηστειέιν,
1324 1792 1412 1836 ἀντὶ
1445 1796 1512 1835 τοῦ
1545 1796 1793 1843 mamm&

423 1874 540 1927 ἔχειν»
576 1874 643 1915 καὶ
683 1877 909 1920 κνηστικῶς.
942 1873 980 1914 ἑν
1015 1874 1097 1925 γάρ
1132 1874 1187 1925 τῷ
1224 1872 1308 1925 περὶ
1345 1876 1567 1925 ψυχῆς...
1600 1872 1794 1928 sequitur

420 1958 603 2007 uterque
638 1953 759 1994 locus
792 1966 844 1994 ex
877 1951 1108 1995 Phaedone
1141 1957 1184 1993 et
1216 1965 1269 1994 ex
1301 1951 1486 2006 Gorgia,
1530 1951 1606 1994 sed
1638 1952 1792 1994 misere

420 2035 672 2088 corruptus;
706 2034 898 2075 ceterum
930 2029 1076 2074 Aelius
1110 2029 1341 2087 Dionysius
1373 2029 1481 2074 talia
1510 2029 1574 2074 ita
1607 2029 1792 2087 explica-

419 2113 505 2155 bat.
524 2113 577 2155 cf.
597 2113 720 2154 Phot.
737 2112 782 2153 in
800 2126 837 2153 v.
855 2113 1139 2158 πολεμησείειν.
1162 2110 1385 2165 Goslings‚
1402 2109 1567 2153 observ.
1580 2112 1636 2152 ad
1650 2109 1790 2153 Schol.

417 2191 464 2234 in
496 2191 626 2234 Thuc.
659 2205 728 2246 pg.
760 2190 831 2233 43.
894 2189 1114 2238 Κνηστείειν
1148 2194 1215 2232 est
1246 2187 1387 2232 forma
1417 2188 1715 2245 improbanda.

476 2269 578 2312 ibid.
614 2270 671 2312 99
705 2269 754 2311 B.
785 2269 1024 2321 καρδόπῳ·
1055 2274 1105 2321 τῇ
1139 2267 1302 2321 μάκτρα
1333 2271 1402 2310 τοῦ
1435 2266 1611 2321 άλεύρου.

477 2348 597 2391 Idem
631 2348 755 2391 Phot.
786 2348 833 2390 in
864 2361 899 2389 v.
931 2347 1163 2399 κάρδοπος
1198 2346 1250 2389 cf.
1283 2346 1484 2403 Hesych„
1518 2346 1645 2390 Arist.
1678 2346 1788 2390 Nub.

418 2430 506 2474 669
539 2443 634 2484 sqq.
673 2428 775 2483 ibiq.
810 2426 974 2479 Schol.,
1006 2426 1114 2470 Rau.
1151 2427 1287 2470 1159:
1317 2432 1463 2480 χρῆσον
1495 2427 1545 2470 σὺ
1577 2426 1788 2481 μάκτραν,

417 2510 449 2553 εἶ
481 2509 521 2553 δὲ
553 2509 713 2561 βούλει,
746 2508 949 2561 κάρδοπον.

476 2588 580 2632 ibid.
619 2590 698 2630 111
736 2589 770 2629 Ε
803 2588 1001 2640 αἰώραν·
1035 2586 1207 2642 ὕψωσιν,
1237 2586 1412 2639 ἔπαρσιν.

479 2668 595 2711 Suid.
630 2668 791 2720 αἰώρα·
826 2667 1008 2719 άγχόνη,
1043 2665 1211 2719 ὕψωσις,
1239 2667 1413 2720 ἔπαρσις.
1451 2667 1673 2711 vocabulo
1701 2668 1789 2723 pri-

417 2761 512 2792 mus
545 2761 649 2791 usus
682 2751 749 2790 est
780 2746 919 2790 Plato.
