2057 3375
928 296 984 336 33

272 449 386 476 mere
447 435 566 477 dicas
625 435 733 478 haec
791 449 814 477 e
879 435 1141 489 Diogeniano
1193 434 1382 477 fluxisse.
1458 435 1636 478 Uncinis

274 514 439 558 inclusa
479 514 652 558 aliunde
685 514 810 570 petiit
842 513 1099 558 Scholiasta.
1148 513 1209 557 Cf.
1243 513 1436 557 Schmidt
1469 513 1636 570 Didymi

269 593 543 637 Chalcenteri
576 593 727 649 fragm.
761 608 827 649 pg.
862 595 934 637 62.

330 674 509 716 Praeter
551 674 631 715 has
671 673 838 727 glossas
870 674 1001 715 etiam
1033 673 1147 715 aliae
1178 674 1223 715 in
1256 672 1436 715 Scholiis
1467 673 1634 719 insunt,

269 768 378 810 quas
415 768 499 797 non
532 752 690 797 iniuria
725 752 782 796 ad
814 752 1124 809 Diogenianum
1159 768 1187 796 s.
1223 752 1484 810 Hesychium
1517 758 1635 796 retu-

267 834 392 886 leris,
434 839 481 876 e.‘
503 848 538 877 c.
580 835 761 887 ἀτεχνῶς
794 833 932 877 Schol.
967 834 1206 889 Euthyphr.
1241 835 1266 875 3
1297 835 1355 883 A,
1390 834 1507 882 ὁμόσε
1539 834 1633 875 ἰέναι

267 913 369 956 ibid.
402 914 429 955 3
457 912 511 964 C,
545 917 720 960 παιᾶνκς
749 913 943 969 Sympos.
970 914 1051 955 177
1079 913 1115 954 A
1139 913 1190 955 al.
1226 912 1335 963 Quia
1358 919 1502 955 autem
1529 912 1634 954 nihil

268 992 511 1049 continent,
544 994 658 1048 quod
683 992 809 1036 hodie
829 993 875 1035 in
898 992 1115 1048 Hesychio
1139 992 1452 1042 desideramus,
1476 991 1634 1034 exscri-

266 1071 368 1115 bere
401 1073 661 1128 supersedeo
694 1077 738 1116 et
769 1057 944 1116 transeo
978 1072 1033 1115 ad
1067 1086 1137 1127 ea,
1175 1085 1287 1127 quae
1321 1085 1343 1113 e
1366 1071 1513 1113 lexicis
1537 1071 1633 1112 rhe-

266 1152 413 1194 toricis
444 1151 617 1195 fluxisse
651 1152 859 1195 videntur.

558 1477 637 1520 DE
687 1476 934 1522 GLOSSIS
981 1477 1342 1522 LEXICORUM

697 1563 1203 1612 RHETORICORUM.

323 1704 575 1749 Lexicorum
604 1705 915 1750 rhetoricorum
938 1709 1139 1750 auctores
1162 1705 1337 1749 fuerunt
1360 1705 1506 1749 Aelius
1532 1706 1627 1749 Dio-

264 1784 411 1838 nysius
445 1784 842 1828 Halicarnassensis
874 1790 918 1828 et
947 1786 1204 1834 Pausanias,
1239 1786 1290 1827 de
1323 1786 1478 1840 quibus
1505 1800 1628 1827 aecu-

263 1867 357 1906 rate
400 1863 623 1917 dixerunt,
664 1864 718 1907 de
751 1863 872 1908 Aelio
904 1864 1110 1921 Dionysio
1144 1862 1331 1907 Cobetus
1363 1864 1405 1906 in
1440 1863 1625 1906 Mnemo-

264 1957 388 1999 synes
430 1944 640 1987 volumine
681 1944 721 1986 X
762 1960 830 2000 pg.
872 1946 931 1987 50
975 1958 1091 2000 seqq.
1134 1945 1191 1999 (a.
1240 1945 1398 1998 1861),
1430 1943 1627 1986 Naberus

262 2023 307 2065 in
341 2023 657 2079 Prolegomenis
690 2025 745 2068 ad
780 2024 922 2068 Photii
952 2024 1120 2068 lexicon
1154 2039 1221 2079 pg.
1254 2024 1312 2066 24
1345 2038 1484 2079 seqq.‚
1510 2023 1626 2066 Wal-

261 2106 378 2144 terus
411 2101 671 2145 Rindfleisch
704 2103 745 2145 in
770 2102 1070 2146 dissertatione
1096 2103 1147 2145 de
1176 2102 1416 2145 Pausaniae
1445 2108 1486 2144 et
1516 2102 1626 2144 Aelii

262 2181 453 2237 Dionysii
495 2182 641 2225 lexicis
679 2182 929 2233 rhetoricis,
973 2182 1213 2237 Regimonti
1251 2181 1391 2233 1866,
1425 2181 1469 2225 C.
1503 2181 1547 2223 T.
1580 2181 1624 2224 P.

263 2260 479 2305 Schwartz
525 2261 569 2304 in
617 2261 890 2306 Praefatione
934 2262 989 2306 ad
1022 2262 1132 2305 Aelii
1166 2262 1360 2318 Dionysii
1393 2262 1625 2317 reliquias,

261 2339 373 2382 Trai.
417 2341 473 2382 ad
518 2325 650 2383 Rhen.
699 2341 831 2393 1877,
875 2341 928 2383 de
968 2341 1187 2383 Pausania
1229 2340 1425 2383 Naberus
1467 2341 1521 2383 l.l.
1554 2356 1623 2395 pg.

262 2419 318 2461 39
363 2433 500 2474 seqq.‚
544 2419 808 2465 Rindfleisch
840 2420 919 2470 l.l.‚
961 2420 1010 2463 F.
1042 2419 1243 2474 Goslings
1274 2420 1317 2461 in
1352 2418 1624 2462 Observatio-

262 2498 387 2542 nibus
430 2499 485 2541 ad
528 2498 701 2541 Scholia
741 2499 786 2541 in
828 2499 1144 2555 Thucydidem,
1191 2498 1326 2555 Lugd.
1358 2499 1453 2541 Bat.
1494 2499 1624 2548 1874,

262 2594 329 2634 pg.
361 2579 444 2629 47,
484 2592 622 2634 neque
654 2593 762 2635 opus
794 2584 862 2623 est
893 2579 963 2622 hic
995 2580 1139 2622 omnia
1170 2584 1386 2634 repetere,
1419 2592 1530 2633 quae
1564 2579 1626 2620 illi

261 2658 429 2713 egregie
462 2657 751 2712 disputarunt.
815 2657 1055 2701 Navaverat
1086 2661 1286 2712 uterque,
1323 2657 1550 2713 Dionysius
1582 2661 1625 2699 et

260 2736 524 2787 Pausanias,
567 2736 683 2778 haud
726 2737 919 2779 inutilem
963 2751 1139 2792 operam
1179 2736 1360 2778 Platoni.
1394 2736 1445 2778 cf.
1479 2736 1625 2778 Naber

1470 2815 1491 2845 3
