2057 3375
899 322 953 365 51

304 462 468 506 Similia
511 462 786 505 inveniuntur
830 461 877 504 in
921 460 1060 504 lexico
1109 460 1379 504 Bachmanni
1418 459 1450 504 I.
1495 462 1606 504 412:

242 545 451 596 φαῦλον·
484 544 598 584 τοῦτο
629 540 824 584 τάσσεται
861 539 925 583 ἐπὶ
958 539 1156 593 τεσσάρων
1186 543 1413 590 σημασιῶν·
1444 539 1507 583 ἐπὶ
1536 540 1609 591 μὲν

243 621 492 670 κακοηθείας·
541 619 808 670 Δημοσθένης·
852 621 894 662 οὐ
935 620 1016 671 γάρ
1057 620 1089 661 εἶ
1132 619 1303 673 Φαύλοις
1352 620 1464 670 ἡμεῖς
1508 636 1608 670 συμ-

243 700 391 753 μάχοις
422 701 604 752 χρῆσθαι.
639 699 703 743 ἐπὶ
737 700 777 742 δὲ
809 700 986 751 άγαθοῦ·
1017 699 1226 749 Εὐριπίδης
1258 700 1297 741 ἕν
1327 701 1536 752 Ἡρακλεῖ·

454 783 633 835 Φαῢλον,
667 777 848 831 ἄκομψον
864 811 874 830 ,
908 779 963 821 τά
995 778 1156 829 μέγιστ’
1186 777 1359 828 άγαθόν·

243 858 308 901 ἐπὶ
341 859 380 901 δὲ
411 859 619 910 μεγέθους·
653 860 702 905 ὥς
733 858 778 901 τὸ
808 861 966 912 φαῦλον
997 857 1145 908 στόμα.
1174 857 1241 899 καὶ
1267 858 1329 899 ἐπὶ
1354 861 1422 900 τοῦ
1449 861 1608 910 μικροῦ·

242 936 324 980 ὅθεν
365 937 431 979 καὶ
473 938 543 986 την
584 937 748 991 φαύλην
787 937 949 987 ε’λαίαν,
992 937 1063 985 την
1099 935 1370 988 μικρόκαρπον,
1418 936 1606 978 Πλάτωνι

243 1017 283 1058 δὲ
329 1017 396 1059 καὶ
440 1015 577 1064 ἄλλοις
626 1018 822 1064 Ἀττικοῖς
871 1017 1053 1065 σημαίνει
1098 1016 1142 1058 τὸ
1190 1015 1342 1057 ἁπλοῦν
1373 1016 1440 1057 καὶ
1473 1015 1607 1069 ῥᾴδιον.

244 1093 363 1138 Haec
396 1094 432 1138 si
464 1093 638 1138 confero
670 1108 767 1138 cum
800 1093 1032 1138 Eustathio
1066 1092 1207 1146 1356,
1234 1093 1316 1146 64,
1339 1092 1491 1136 ubiad
1517 1106 1611 1136 ver—

243 1174 345 1216 bum
376 1175 467 1217 fere
499 1174 650 1217 eadem
680 1174 915 1217 traduntur
942 1178 987 1217 et
1006 1188 1103 1217 cum
1125 1175 1266 1229 priore
1288 1174 1434 1227 glossa
1453 1177 1610 1225 φαῦλον

242 1254 357 1309 apud
392 1253 589 1298 Photium
606 1287 616 1304 ‚
650 1253 792 1297 nullus
825 1253 998 1306 dubim,
1031 1253 1134 1308 quin
1167 1252 1278 1296 Aelii
1310 1252 1503 1308 Dionysii
1537 1252 1611 1296 ob-

243 1333 526 1375 servationem
575 1333 846 1383 contineant,
890 1346 1002 1386 quae
1045 1345 1124 1387 per
1164 1332 1377 1374 Boethum
1420 1331 1607 1374 fortasse

242 1412 287 1454 in
337 1411 511 1454 Scholia
557 1412 801 1467 pervenerit
811 1429 822 1462 ;
873 1425 960 1454 non
1009 1411 1123 1454 enim
1166 1410 1393 1453 abicienda
1439 1410 1601 1454 Nabcri

244 1490 431 1546 suspicio
474 1490 684 1534 Boethum
726 1491 779 1534 de
820 1504 920 1534 voce
960 1493 1117 1544 φαῦλον
1158 1490 1204 1532 in
1243 1493 1426 1544 utroque
1457 1489 1603 1533 libello

241 1569 449 1612 retulisse.
513 1569 617 1612 Loci
654 1569 824 1613 laudati
854 1574 955 1613 sunt
988 1569 1209 1612 Demosth.
1246 1568 1299 1611 dc
1331 1568 1446 1612 falsa
1477 1568 1607 1625 legat.

241 1663 282 1704 p.
315 1648 425 1702 350,
467 1648 660 1704 Euripid.
702 1648 754 1692 fr.
797 1649 886 1692 476
929 1649 1028 1692 edit.
1061 1648 1276 1700 Dindorf.,
1311 1649 1530 1692 Demosth.
1561 1649 1607 1691 in

242 1727 495 1771 Aristocrat.
528 1743 568 1784 p.
602 1729 701 1772 621.

306 1807 446 1850 Schol.
489 1806 704 1851 Charmid.
750 1809 835 1851 153
867 1808 906 1850 A
946 1809 1266 1861 καταντικρύ·
1303 1810 1459 1860 ἀντικρὺ
1499 1810 1610 1861 παρὰ

241 1887 314 1937 μὲν
348 1887 508 1940 Ὁμήρῳ
539 1886 621 1930 ἐστὶ
653 1887 698 1929 τὸ
729 1889 820 1930 κατ’
852 1886 939 1931 εὐθὺ
970 1888 1036 1930 καὶ
1070 1886 1114 1937 ἐξ
1144 1888 1349 1935 ἐναντίας·

428 1966 587 2019 άντικρὺ
619 1966 659 2008 δὲ
691 1966 815 2020 παραὶ
848 1967 1034 2019 λαπάρην
1067 1965 1234 2017 διάμησε
1265 1971 1419 2020 χιτῶνα

422 2046 571 2097 ἔγχος·

240 2123 306 2167 καὶ
349 2123 460 2177 παρὰ
504 2124 713 2179 Θουκυδίδῃ
743 2125 782 2167 ἕν
814 2131 864 2179 τῇ
899 2124 1059 2181 δευτέρα
1090 2125 1250 2176 ὁμοίως·
1282 2125 1440 2177 οἰόμενοι
1473 2125 1608 2173 πύλας

240 2202 315 2250 τας
347 2203 460 2255 θύρας
492 2208 560 2246 τοῦ
592 2205 803 2255 οἰκήματος
836 2202 957 2257 εἶναι,
994 2205 1061 2247 καὶ
1093 2205 1253 2257 ἀντικρὺ
1286 2204 1446 2255 διέξοδον
1478 2206 1532 2252 εἷς
1564 2206 1609 2247 τὸ

241 2282 327 2333 ἔξω.
370 2285 481 2337 παρὰ
523 2284 758 2335 Δημοσθένει
794 2284 833 2327 δὲ
867 2285 906 2327 ἐν
937 2286 992 2338 τῷ
1023 2285 1129 2328 κατὰ
1162 2284 1485 2338 Ἀριστοκράτους
1517 2285 1607 2328 άντὶ

238 2365 306 2405 τοῦ
338 2365 535 2416 Φανερῶς·
568 2362 759 2416 γράψας,
792 2362 918 2417 ὥσπερ
952 2367 1017 2407 νῦν
1049 2364 1127 2415 ἐγὼ
1158 2368 1238 2412 τοῖς
1270 2365 1461 2417 ῥήμασιν,
1485 2362 1605 2412 οὕτως

238 2442 410 2493 άντικρύ.
443 2442 507 2483 καὶ
542 2443 771 2491 Θουκυδίδης
806 2445 844 2485 ἐν
875 2449 925 2497 τῇ
956 2443 1093 2495 ὅγδόη·
1124 2445 1371 2496 σωφροσύνην
1398 2444 1607 2493 λαβοῦσαι

239 2521 282 2562 αἱ
324 2520 457 2567 πόλεις
501 2520 567 2562 καὶ
610 2518 745 2563 ἄδειαν
785 2525 860 2563 τῶν
894 2520 1171 2575 πραττομένων
1202 2522 1407 2574 ἐχώρησαν
1439 2522 1502 2564 ἐπὶ
1537 2523 1607 2570 την

242 2598 402 2653 άντικρὺ
434 2598 668 2653 ἐλευθερίαν,
703 2600 773 2649 την
804 2600 981 2655 φανεράν
1012 2598 1152 2653 λέγων.
1186 2600 1367 2652 σημαίνει
1399 2600 1439 2643 δὲ
1468 2600 1534 2644 καὶ
1563 2603 1607 2644 τὸ

238 2679 397 2731 ταχέως
429 2678 495 2720 καὶ
530 2678 759 2731 ὁλοσχερῶς.
789 2678 989 2732 ”Ομηρος’

356 2757 510 2811 Ἕκτωρ
545 2757 710 2805 Αἴαντος
743 2757 826 2812 δόρυ
857 2759 1026 2810 μείλινον
1058 2759 1165 2812 ἄγχι
1198 2761 1411 2813 παραστάς

1435 2840 1470 2872 4.
