2057 3375
1043 308 1101 349 44

387 446 568 497 ριώδης·
618 447 707 497 πρὸς
756 446 853 497 βίαν
900 448 1106 497 ποιουμένη
1156 449 1178 495 ἢ
1223 446 1554 503 οὶμκρτκνομένη,
1603 449 1647 489 ἐκ
1692 452 1760 489 τοῦ

387 524 573 576 ἀλιτήριοι
629 524 818 575 ὀνόματος
866 525 1116 578 παρηγμένη.
1166 525 1276 567 κατὰ
1325 527 1517 568 Διονύσιον
1571 525 1651 575 γὰρ
1696 526 1761 567 τὸν

387 605 706 658 Ἀλικοιρνοισο-ἐοι
736 610 854 657 λιμοῦ
891 606 1098 657 γενομένου
1132 607 1333 655 Ἀθήνησιν
1364 606 1397 648 οἱ
1429 605 1591 654 πένητες
1614 611 1761 657 προφε-

387 684 530 738 ρόμενοι
571 683 722 738 ἄλευρα
764 684 991 739 διήρπαζον·
1024 685 1246 740 ἐλέχθησαν
1283 683 1344 729 οὖν
1376 685 1408 728 οἱ
1441 684 1530 732 τοὺς
1562 685 1759 731 azioma-ac

388 766 657 817 ἐπιτηροῦντες
700 766 901 817 ἀλιτήριοι.
944 766 1098 808 διέτεινε
1132 766 1171 807 δὲ
1202 766 1247 807 τὸ
1279 766 1422 816 ὄνομα,
1462 765 1561 807 ὥστε
1595 765 1661 806 καὶ
1695 765 1760 807 ἐπὶ

389 845 548 889 πάντων
563 848 639 889 τῶν
661 845 770 896 μετὰ
791 844 887 897 βίοις
909 862 948 889 τι
970 845 1173 890 ποιούντων
1196 846 1218 896 ἢ
1237 844 1540 899 ἁμαρτανόντων
1557 843 1758 896 λέγεσθαι.

389 925 472 967 Per
514 939 560 968 se
603 925 711 968 haec
754 925 900 980 glossa
941 939 1027 967 non
1075 926 1254 967 multum
1291 926 1628 975 demonstraret,
1661 924 1764 979 quia

392 1004 636 1047 Scholiasta
668 1019 721 1047 ex
751 1005 847 1060 ipso
875 1004 995 1047 Aelio
1032 1005 1235 1060 Dionysio
1263 1004 1324 1047 sic
1346 1018 1575 1059 excerpere
1598 1004 1762 1058 potuit;

392 1084 467 1127 sed
512 1084 670 1140 legitur
712 1084 844 1128 etiam
888 1085 931 1127 in
975 1083 1131 1128 Milleri
1175 1082 1395 1140 Melanges
1434 1083 1487 1126 de
1519 1081 1763 1126 litterature

391 1179 576 1220 grecque
610 1180 677 1221 pg.
711 1166 819 1216 411,
843 1170 973 1220 atque
996 1165 1263 1220 probabilius
1287 1170 1353 1207 est
1375 1178 1425 1206 eo
1448 1162 1759 1218 immigravisse

393 1258 415 1286 e
449 1244 614 1286 Boetho
646 1258 777 1298 quam
810 1258 833 1286 e
866 1243 1068 1295 Scholiis3
1101 1243 1313 1285 Zenodori
1346 1247 1484 1297 certe,
1507 1242 1619 1283 inter
1640 1241 1759 1282 cuius

393 1323 599 1379 reliquias
616 1323 676 1366 ibi
692 1323 861 1379 legitur,
881 1338 965 1366 non
985 1337 1080 1366 esse
1103 1323 1249 1366 docuit
1271 1321 1501 1365 Fresenius
1523 1321 1566 1363 in
1592 1320 1761 1363 Disser-

392 1404 557 1447 tatione
579 1402 845 1458 Philologica
865 1417 933 1458 pg.
952 1403 1020 1445 29.
1045 1428 1103 1433 —
1121 1401 1263 1444 Etiam
1283 1401 1455 1444 maioris
1473 1400 1677 1443 momenti
1694 1403 1760 1442 est

393 1482 595 1525 Photium
638 1487 683 1525 et
724 1481 1011 1525 Scholiastam
1054 1482 1099 1523 in
1141 1480 1284 1535 glossa
1327 1480 1510 1522 Aeliana
1546 1478 1761 1521 tradenda

394 1561 626 1615 aliquoties
668 1561 724 1603 ad
766 1561 945 1603 verbum
977 1561 1090 1602 inter
1121 1574 1168 1602 se
1200 1559 1448 1609 convenire,
1482 1572 1578 1601 cum
1609 1558 1760 1600 Eusta-

394 1639 512 1682 thius
545 1639 740 1682 nonnihil
773 1637 966 1689 differat3
999 1652 1126 1693 quem
1161 1651 1415 1680 consensum
1450 1649 1587 1691 neque
1611 1635 1765 1677 melius

394 1732 535 1774 neque
576 1717 748 1762 facilius
791 1717 1008 1773 explicare
1051 1717 1155 1759 mihi
1197 1730 1372 1771 possum
1414 1715 1497 1757 nisi
1530 1713 1760 1757 statuendo

396 1796 685 1840 Scholiastam
729 1801 773 1839 et
815 1795 1016 1839 Photium
1064 1808 1143 1838 sua
1186 1808 1209 1837 e
1253 1793 1418 1838 Boetho
1461 1792 1622 1835 habere
1637 1825 1648 1843 ,
1695 1791 1769 1846 qui

396 1877 649 1932 Dionysium
682 1877 846 1920 adierit.
879 1876 930 1920 cf.
965 1891 999 1920 e.
1033 1891 1067 1919 c.
1100 1875 1163 1918 ἐπὶ
1198 1876 1325 1928 κόρρης
1346 1909 1358 1924 ,
1391 1874 1565 1923 λήκυθος.
1620 1872 1769 1927 Neque

396 1956 479 1999 hoc
512 1955 820 2011 neglegendum
854 1956 900 1997 in
932 1955 1109 2011 glossis,
1143 1968 1255 2010 quae
1288 1954 1393 1996 satis
1427 1956 1546 1995 certo
1584 1951 1642 1993 ad
1664 1950 1768 1993 Boe-

398 2035 520 2077 thum
562 2035 826 2085 referantur,
871 2035 1050 2090 vestigia
1081 2033 1276 2088 Dionysii
1309 2047 1395 2075 non
1428 2033 1592 2074 deesse.
1627 2030 1678 2072 cf.
1713 2030 1769 2085 gl.

397 2118 555 2166 Φαῦλος
574 2114 691 2170 apud
716 2114 916 2157 Photium
939 2112 1043 2169 ibiq.
1064 2113 1220 2156 Naber.
1260 2112 1381 2155 Haec
1403 2110 1641 2160 habebam,
1660 2122 1771 2165 quae

399 2193 452 2236 de
473 2193 680 2249 Dionysio
703 2193 942 2248 praefarer.
985 2193 1109 2235 Nunc
1131 2192 1282 2247 paucis
1308 2190 1361 2233 de
1378 2190 1596 2232 Pausania
1612 2188 1769 2231 dicam.

461 2272 686 2328 Nusquam
711 2273 755 2315 in
773 2271 955 2316 Scholiis
974 2271 1225 2315 nominatim
1244 2269 1449 2313 laudatur
1467 2267 1704 2311 Pausanias
1718 2267 1748 2322 l)
1759 2284 1770 2319 ;

400 2357 595 2396 attamen
626 2352 778 2408 procul
811 2352 897 2395 ullo
930 2350 1060 2394 dubio
1088 2351 1219 2394 etiam
1255 2364 1308 2392 ex
1329 2349 1420 2393 eius
1442 2347 1578 2391 lexico
1600 2347 1771 2403 glossae

401 2433 625 2476 desumtae
651 2438 749 2476 sunt
778 2446 813 2475 e.
842 2445 876 2474 c.
907 2431 1048 2475 Schol.
1080 2430 1252 2474 Charm.
1285 2429 1369 2471 154
1393 2429 1425 2470 Β
1448 2430 1567 2475 λευκὴ
1590 2426 1771 2478 στάθμη,

447 2704 484 2747 1)
517 2703 753 2744 Rindsseisch‚
788 2703 850 2745 qui
883 2702 929 2734 l.l.
964 2712 1020 2744 pg.
1045 2699 1085 2732 21
1112 2698 1267 2731 affirmat
1290 2696 1518 2729 scholiastam
1551 2694 1773 2727 Platonicum

404 2769 511 2802 semel
537 2768 753 2801 Pausaniam
778 2766 990 2799 nominatim
1016 2765 1181 2806 laudare,
1206 2763 1353 2796 fallitur.
