2057 3375
1091 322 1146 364 16

488 462 629 506 Schol.
669 462 773 518 Rep.
816 460 900 504 IV:
944 461 1034 504 430
1063 460 1099 502 A
1133 459 1422 513 Χαλάστρα·
1457 459 1570 508 πόλις
1603 466 1675 510 τῆς
1705 467 1803 504 Μα-

426 544 596 590 κεδονίας
628 543 694 585 καὶ
728 542 873 591 λίμνη,
907 542 994 583 ἔνθα
1029 542 1073 583 τὸ
1105 546 1383 593 Χαλαιστραῖον
1410 541 1537 592 νίτρον
1568 542 1800 592 γιγνόμενον

427 622 490 666 διὰ
521 622 778 675 ἐνναετηρίδος
812 621 1041 675 πήγνυται,
1076 619 1212 673 ὁμοίως
1246 620 1284 664 δὲ
1318 620 1385 664 καὶ
1418 620 1570 665 λύεται.

487 701 631 744 Verba
659 701 761 744 inde
794 700 849 744 ab
882 700 945 743 διὰ
977 701 1123 743 ἕνναετ.
1155 700 1273 756 apud
1305 700 1495 758 Hesych.
1526 701 1760 757 perierunt.

487 781 582 822 Hae
622 781 753 835 igitur
793 781 987 834 glossae,
1031 794 1213 822 numero
1258 780 1465 830 LXXIII,
1505 794 1689 834 quarum
1731 781 1800 821 vix

425 873 513 903 una
544 862 675 915 atque
706 858 846 902 altera
878 858 994 915 apud
1027 857 1227 903 Photium
1259 858 1468 912 occurrit,
1500 858 1562 903 ita
1582 862 1726 903 tamen
1750 861 1798 902 ut

427 940 492 982 vel
522 940 707 982 maxime
739 939 961 982 incredulo
994 953 1080 981 non
1113 939 1291 981 dubium
1325 954 1418 982 esse
1451 940 1610 994 possit,
1645 940 1748 994 quin
1772 954 1799 982 a

425 1017 669 1062 Scholiasta
700 1033 723 1061 e
754 1017 1010 1073 Diogeniani
1043 1017 1134 1061 sive
1171 1016 1376 1074 Hesychii
1410 1018 1548 1062 lexico
1578 1018 1717 1073 petita
1745 1018 1801 1061 sit

425 1099 480 1153 (e.
524 1111 559 1139 c.
600 1097 895 1151 πρεσβεύωμεν)
939 1096 1046 1138 satis
1092 1109 1308 1150 superque
1353 1096 1651 1139 demonstrare
1696 1096 1802 1138 mihi

427 1176 626 1220 videntur
666 1177 807 1231 ipsum
844 1175 1103 1231 Diogeniani
1137 1175 1306 1219 lexicon
1338 1189 1366 1219 a
1402 1175 1646 1219 Scholiasta
1678 1176 1802 1219 adhi-

425 1255 563 1298 bitum
606 1269 700 1298 esse
741 1267 880 1310 neque
923 1267 1072 1297 omnes
1104 1252 1273 1309 glossas
1307 1254 1628 1310 Diogenianeas
1662 1253 1716 1297 ab
1750 1267 1801 1297 eo

425 1349 448 1376 e
479 1335 633 1376 Boethi
660 1334 816 1376 libellis
840 1334 1061 1375 desumtas
1087 1347 1182 1376 esse
1199 1367 1208 1384 ‚
1231 1347 1346 1388 quae
1368 1334 1528 1375 Naberi
1552 1337 1620 1375 est
1643 1334 1800 1388 opinio,

427 1412 550 1465 Quod
583 1413 714 1456 etiam
747 1412 906 1456 certius
937 1413 1135 1456 redditur
1155 1413 1232 1464 iis,
1256 1426 1368 1468 quae
1392 1413 1456 1455 his
1480 1412 1654 1455 addam.
1690 1412 1800 1455 Nam

428 1493 498 1536 hic
528 1493 616 1535 illic
638 1493 683 1535 in
706 1492 886 1536 Scholiis
908 1492 1076 1548 glossas
1100 1493 1385 1547 deprehendi,
1408 1491 1482 1534 ubi
1505 1491 1797 1547 Diogenianea

428 1572 658 1615 coniuncta
699 1573 763 1615 vel
805 1572 1000 1614 immixta
1032 1571 1234 1626 leguntur
1266 1571 1445 1626 glossis,
1480 1585 1589 1626 quas
1620 1571 1799 1614 Photius

429 1652 630 1703 servavit3
663 1665 775 1707 quae
808 1652 1103 1706 Diogenianea
1135 1650 1243 1693 m'iro
1276 1654 1391 1693 certe
1427 1665 1528 1693 casu
1551 1651 1667 1706 apud
1689 1650 1801 1693 Pho-

428 1730 534 1773 tium
578 1730 831 1786 periissent,
878 1730 915 1773 si
956 1730 1105 1773 lexicis
1148 1729 1203 1773 ab
1236 1744 1286 1773 eo
1320 1728 1526 1790 adhibitis
1559 1729 1799 1775 infuissent.

430 1807 512 1852 Sel
547 1808 746 1865 exempla
777 1807 1012 1865 proferam.

490 1889 727 1941 Prolegom.
760 1890 816 1929 ad
848 1889 1050 1930 Photium
1083 1904 1151 1942 pg.
1184 1890 1240 1930 66
1273 1888 1470 1929 Naberus
1499 1890 1607 1930 haec
1630 1887 1801 1929 scribit:

433 1965 540 2021 „Est
571 1965 688 2022 apud
722 1965 989 2023 Hesychium
1023 1966 1143 2010 locus
1176 1980 1199 2010 e
1232 1965 1460 2023 Pamphilo
1493 1965 1695 2022 deinceps
1729 1965 1803 2009 de-

429 2047 640 2100 scriptus:
675 2045 804 2093 Πνύξ
818 2058 826 2067 ·
862 2045 979 2091 τόπος
1018 2044 1239 2095 Ἀθήνησιν,
1265 2047 1301 2086 ἐν
1327 2042 1354 2098 ᾧ
1380 2046 1421 2086 ai
1444 2045 1646 2093 ἐκκλησίαι
1664 2045 1802 2094 ἤγοντο

429 2124 559 2168 πάλαι
603 2125 675 2176 μὲν
718 2128 873 2175 ποῖα-αι,
907 2131 981 2167 NT
985 2131 1044 2167 NI
1076 2125 1114 2166 δὲ
1146 2122 1263 2175 ἅπαξ
1295 2123 1390 2167 ὅταν
1422 2126 1645 2177 στρατηγὸν
1676 2140 1802 2177 χειρο-

429 2209 597 2247 voveam.
664 2204 908 2247 Scholiasta
947 2209 1090 2246 autem
1124 2203 1318 2252 Platonis
1351 2203 1468 2247 Criti.
1507 2206 1591 2246 112
1619 2204 1657 2246 A
1694 2204 1733 2246 h.
1766 2218 1801 2246 e.

428 2284 660 2328 Boethus
694 2284 824 2332 Πνύξ
838 2299 848 2309 ·
873 2284 989 2331 τόπος
1015 2285 1234 2333 Ἀθήνησιν,
1258 2285 1296 2325 ἐν
1312 2280 1340 2337 ᾧ
1357 2285 1560 2332 ἐκκλησίαι
1581 2285 1800 2335 ἐγίγνοντο,

415 2355 560 2405 Αἰι-σέλαι
603 2364 674 2414 μὲν
718 2366 869 2416 παῖσαι,
897 2361 1181 2410 ‘'TZTEPON
1215 2363 1254 2406 δὲ
1286 2362 1423 2420 ἅπαξ,
1459 2362 1553 2406 ὅταν
1584 2363 1649 2405 τὸν
1682 2379 1803 2417 στραι-

428 2443 550 2493 τηγὸν
582 2442 887 2495 χειροτονῶσιν.”

491 2521 724 2577 Nunquam
760 2523 933 2565 credam
968 2522 1181 2565 Boethum
1214 2537 1337 2565 usum
1372 2536 1468 2565 esse
1501 2522 1673 2565 soloeca
1705 2536 1802 2565 ora—

429 2601 569 2654 tione,
604 2615 735 2657 quam
762 2601 855 2644 iure
878 2601 1043 2644 notavit
1069 2600 1259 2645 Cobetus
1288 2600 1495 2645 Mnemos.
1524 2600 1583 2644 IV
1611 2615 1679 2657 pg.
1714 2600 1802 2643 284

430 2683 485 2735 (a.
541 2681 701 2734 1876):
755 2687 873 2723 recte
927 2681 1060 2723 habet
1107 2684 1294 2731 γίγνεται
1342 2681 1533 2730 ἐκκλησία
1582 2682 1657 2723 νυνὶ
1707 2680 1802 2722 ὅταν

431 2760 496 2804 τὸν
538 2760 762 2813 στρατηγὸν
803 2764 1089 2817 χειροτονοῦσιν,
1131 2761 1206 2804 sed
1246 2760 1397 2804 vitiose
1430 2759 1586 2804 dicitur
1618 2760 1801 2811 ἐγίγνετο
