2057 3375
1068 294 1128 336 90

410 433 565 483 Recte3
610 447 709 475 nam
753 432 792 474 h.
830 432 856 474 1.
890 432 1007 487 apud
1040 432 1374 487 Aristophanem
1406 433 1563 488 legitur
1598 433 1782 476 verbum

409 510 668 564 ἐγχυτρίζειν.

471 589 609 632 Schol.
641 589 769 645 Legg.
802 589 909 632 VII:
938 590 1027 631 800
1054 590 1090 632 E
1122 597 1305 643 Καρικῇ
1345 591 1531 643 Μούσῃ·
1563 597 1613 642 τῇ
1647 590 1781 641 θρηνώ-

407 671 459 713 δει
476 684 486 695 ·
512 669 658 713 δοκοῦσι
691 670 771 722 γαρ
798 670 830 712 οἱ
857 674 981 722 Κᾶρες
1011 670 1180 723 θρηνῳδοί
1206 686 1306 717 τινες
1335 667 1431 713 εἶναι
1460 670 1524 712 καὶ
1552 671 1781 723 οὶλλοτρίους

406 750 555 801 νεκροὺς
597 748 661 790 ἐπὶ
704 750 826 801 μισθῷ
865 750 1020 799 θρηνεῖν.
1053 749 1151 795 τινὲς
1184 748 1223 790 δὲ
1258 748 1471 797 ἑξήκουσαν
1504 755 1553 800 τῇ
1585 748 1779 801 βαρβάρῳ

407 829 473 871 καὶ
505 829 686 882 ασαφεῖ,
720 827 852 876 ἐπειδη
884 829 916 870 οἱ
949 830 1076 880 Κοῖρες
1107 828 1425 881 βαρβαρόφωνοι.

466 906 644 949 Photius
684 907 799 948 idem
841 920 877 948 v.
921 913 1100 958 Καρικῇ
1146 906 1328 960 Μούση.
1394 907 1599 949 Fidenter
1638 905 1779 949 refero

406 986 462 1029 ad
493 985 721 1030 Boethum.

466 1064 568 1107 ibid.
601 1065 691 1108 820
717 1064 750 1108 C
783 1066 999 1108 πεττεία
1031 1066 1113 1108 ἐστὶ
1148 1065 1288 1108 παιδιοέ
1321 1082 1380 1113 τις
1413 1066 1477 1108 διὰ
1499 1069 1654 1107 πεσσῶν
1676 1081 1781 1115 γινο-

405 1144 515 1193 μένη.
558 1144 692 1186 πεσσοὶ
734 1144 774 1187 δέ
815 1145 886 1187 εἶσι
926 1144 1063 1196 κύβοι,
1099 1144 1208 1196 παραὶ
1240 1144 1284 1187 τὸ
1319 1144 1476 1186 πίπτειν
1512 1145 1653 1191 αὐτοὺς
1684 1143 1780 1186 οὕτω

404 1224 623 1274 λεγόμενοι.
657 1224 801 1271 πεσσὸς
834 1225 873 1267 δὲ
906 1224 929 1273 η’
959 1241 1004 1266 τε
1026 1225 1199 1276 γραμμὴ
1223 1225 1289 1266 καὶ
1314 1225 1335 1272 ἧ
1359 1228 1518 1277 ψῆφος,
1543 1223 1753 1274 ὁμωνύμως
1770 1238 1780 1248 ”

404 1301 667 1356 Ἀρίσταρχος
698 1303 737 1344 δὲ
767 1303 935 1351 πεσσοὺς
966 1307 1088 1345 καλεῖ
1113 1304 1188 1349 τας
1221 1304 1405 1355 ψήφους,
1438 1303 1477 1345 ἐν
1510 1299 1572 1350 αἷς
1608 1302 1778 1355 ἔπαιζον.

405 1379 504 1430 ἦσαν
535 1382 574 1424 δὲ
605 1380 726 1424 αὗται
759 1383 889 1425 πέντε.
923 1384 1130 1436 φαίνονται
1163 1382 1202 1424 δὲ
1233 1382 1298 1424 καὶ
1332 1383 1429 1424 αὐτὸ
1456 1382 1501 1425 τὸ
1522 1386 1657 1428 σκεῦος
1680 1381 1776 1425 οὕτω

403 1461 612 1514 λέγοντες,
656 1462 723 1517 ἐφ’
764 1460 808 1505 οὗ
849 1462 1019 1517 ἔπαιζον.
1061 1463 1147 1516 ἔχει
1191 1464 1230 1505 δὲ
1267 1462 1384 1506 πέντε
1416 1461 1640 1515 γραμμάς,
1675 1459 1723 1505 ὧν
1757 1463 1780 1512 ἦ

404 1541 504 1592 μέση
552 1544 725 1594 γραμμὴ
772 1543 856 1593 ἱεροὶ
903 1544 1095 1585 ἐκαλεῖτο.
1143 1542 1209 1584 καὶ
1259 1544 1328 1591 την
1371 1543 1434 1584 ἐπ’
1476 1544 1599 1590 αὐτῆς
1643 1546 1779 1594 ψῆφον

404 1623 584 1673 ἐσχάτην
626 1622 788 1672 ἐκίνουν,
830 1624 896 1664 καὶ
928 1624 1050 1670 αὐτὴν
1082 1623 1186 1674 ἱερὰν
1221 1626 1446 1669 καλοῦντες.
1481 1621 1560 1664 ὅθεν
1592 1623 1635 1664 ἐκ
1668 1622 1779 1664 τοῦδε

402 1699 467 1742 καὶ·
500 1702 716 1753 παροιμία,
749 1702 888 1750 κινήσω
921 1701 985 1742 τὸν
1016 1702 1094 1753 ἀφ’
1127 1702 1254 1752 ἱεροῖς,
1290 1701 1354 1742 ἐπὶ
1383 1705 1458 1743 τῶν
1481 1700 1660 1753 ἐσχάτην
1682 1700 1778 1750 βοή-

402 1780 505 1822 θειαν
535 1779 734 1822 κινούντων
762 1779 971 1831 λεγομένη.

463 1858 799 1901 Adnotationem
831 1860 973 1914 ipsam
1005 1873 1219 1913 nusquam
1253 1860 1297 1900 in
1329 1859 1478 1901 lexicis
1512 1859 1774 1913 reperimus;

403 1938 584 1981 disiecta
609 1938 805 1982 membra
831 1938 1004 1993 ubique.
1033 1938 1085 1982 cf.
1127 1937 1309 1994 liesych.
1344 1953 1378 1981 v.
1411 1939 1636 1988 πεττεία,
1671 1953 1775 1979 πεσ-

402 2022 552 2072 σοῖσι,
583 2016 783 2069 πεσσός,
821 2017 935 2061 Suid.
968 2032 1001 2060 v.
1036 2018 1260 2065 πεσσούς.
1294 2017 1458 2061 Ultima
1489 2031 1592 2073 pars
1620 2017 1664 2059 in
1693 2016 1774 2060 sin·

401 2097 513 2151 gulis
535 2098 733 2139 convenit
762 2112 858 2139 cum
886 2098 1085 2139 Eustath.
1116 2097 1278 2148 633,56
1307 2102 1352 2139 et
1378 2096 1481 2139 Poll.
1512 2096 1584 2139 IX.
1612 2096 1684 2145 97,
1706 2096 1775 2138 98.

400 2176 656 2220 Eustathius
691 2189 771 2219 sua
803 2190 826 2219 e
863 2175 1058 2220 Suetonii
1089 2176 1235 2220 libello
1269 2176 1351 2229 περὶ
1385 2180 1459 2218 τῶν
1487 2177 1580 2228 παρ’
1605 2173 1775 2223 Ἕλλησι

401 2258 562 2299 παιδιῶν
595 2257 742 2312 petiit,
776 2257 849 2312 qui
883 2257 1156 2312 Pamphilum
1191 2256 1423 2312 expilabat.
1446 2256 1559 2299 Hinc
1582 2263 1775 2299 nostram

400 2336 724 2380 adnotationem
758 2337 897 2379 ausim
931 2335 1092 2380 referre
1126 2336 1181 2379 ad
1214 2350 1290 2387 ea,
1321 2349 1433 2390 quae
1465 2349 1518 2378 ex
1549 2334 1775 2389 Pamphilo

400 2414 578 2459 fluxisse
623 2415 847 2466 videntur;
891 2420 1024 2470 atque
1061 2414 1302 2458 Aristarchi
1348 2415 1507 2458 mentio
1550 2413 1634 2456 huc
1669 2414 1775 2456 bene

400 2497 599 2551 quadrat.
663 2498 815 2541 Utrum
861 2503 1006 2540 tamen
1040 2510 1118 2552 per
1149 2495 1361 2538 Boethum
1394 2495 1438 2536 in
1470 2493 1645 2537 Scholia
1676 2506 1773 2546 per-

399 2578 562 2620 venerit-
599 2577 847 2629 adnotatio,
893 2577 1081 2620 discerni
1126 2590 1211 2619 non
1255 2579 1410 2631 potest.
1460 2576 1524 2618 De
1546 2571 1774 2630 proverbio

398 2662 511 2700 κινεῖν
554 2659 620 2701 τὸν
651 2657 730 2713 ἀφ’
772 2658 877 2711 ἱεροῖς
911 2656 964 2701 cf.
1000 2656 1141 2700 Schol.
1174 2655 1301 2713 Legg.
1336 2654 1400 2699 V:
1435 2654 1522 2698 739
1555 2655 1616 2706 A,
1648 2653 1778 2699 Phot.

401 2753 436 2782 v.
468 2739 548 2781 τὸν
581 2740 665 2793 ἀφ’
697 2740 857 2792 ἱεροῖς,
892 2738 1080 2797 Hesych.
1112 2753 1147 2780 v,
1179 2738 1265 2791 ἀφ’
1297 2738 1442 2790 ἱεροῖς.
