2057 3375
947 320 998 363 19

286 461 438 505 Athen.
471 462 556 505 VI:
587 463 673 505 268
692 461 758 505 a.''
793 462 937 517 Ipsum
963 461 1300 505 Grammaticum
1331 461 1383 504 de
1414 461 1650 503 masculino

285 555 441 597 genere
476 540 690 585 monuisse
722 545 844 596 patet
875 554 928 584 ex
961 539 1141 584 Scholio.

347 619 487 662 Schol.
519 620 623 674 Rep.
655 620 786 662 VIII:
819 620 908 662 553
935 619 968 661 C
999 621 1142 672 τιαρα
1176 621 1326 668 ἐστὶνῆ
1349 619 1543 668 λεγομένη
1562 635 1650 670 κυρ-

284 698 428 749 βασία.
465 698 548 741 ἔστι
583 699 620 740 δὲ
653 697 797 750 κόσμος
829 698 1139 751 ἐπικεφάλαιος,
1172 696 1196 751 ᾖ
1226 698 1258 739 οἱ
1285 701 1439 749 Περσῶν
1467 696 1650 748 βασιλεῖς

285 776 390 826 μόνοι
423 777 505 831 ὀρθῇ
539 778 732 829 ἐχρῶντο,
766 777 797 818 οἱ
832 776 871 817 δὲ
902 776 1116 828 στρατηγοὶ
1152 777 1370 829 κεκλιμένῃ.
1398 775 1590 828 Ἡρόδοτος
1613 776 1651 816 δὲ

285 857 488 909 ἀρσενικῶς
519 857 584 898 τὸν
620 856 758 908 τιοὲραν
789 856 901 908 <Duo-l.
935 857 1032 903 τινὲς
1066 856 1104 898 δὲ
1136 856 1201 898 καὶ
1236 857 1384 908 κίταριν
1415 855 1575 906 λέγουσι
1608 855 1652 897 τὸ

286 936 394 980 αὐτό.
440 936 695 991 Θεόφραστος
737 935 776 979 δὲ
822 937 859 979 ἕν
900 938 953 990 τῷ
987 937 1071 989 περὶ
1104 936 1316 988 βασιλείας
1349 937 1524 988 Κυπρίων
1554 933 1650 978 εἶναι

285 1016 396 1069 λέγει
427 1017 498 1065 τὴν
530 1017 692 1071 κίταριν.

345 1095 428 1139 Hic
468 1110 639 1151 quoque
680 1096 787 1139 nihil
830 1096 974 1152 aptius
1017 1110 1111 1139 esse
1153 1096 1321 1139 videtur
1366 1111 1495 1151 quam
1529 1097 1647 1152 ipsas

286 1174 452 1230 glossas
498 1189 551 1217 ex
592 1174 746 1219 Photio
785 1181 829 1218 et
861 1174 1076 1231 Hesychio
1110 1174 1379 1225 adscribere,
1413 1179 1462 1217 ut
1493 1189 1650 1230 cogno-

289 1259 435 1296 scatur
467 1255 577 1296 ratio
611 1253 783 1296 scholii.
814 1254 958 1296 Habet
990 1254 1251 1308 Hesychius:
1284 1254 1451 1305 τιάρα·
1486 1257 1508 1303 ἡ
1536 1265 1652 1303 λεγο-

285 1331 380 1382 μένη
413 1333 623 1385 κυρβασία.
657 1332 806 1382 ταύτην
837 1333 875 1375 δὲ
907 1333 938 1375 οἱ
964 1332 1110 1385 Πέρσαι
1137 1332 1321 1384 βασιλεῖς
1348 1332 1451 1384 μόνοι
1483 1333 1651 1385 ἐχρῶντο

287 1411 414 1463 ὀρθήν,
460 1412 492 1453 οἱ
534 1412 572 1454 δὲ
615 1412 830 1464 στρατηγοὶ
874 1412 1189 1460 ὑποκεκλιμένην.
1235 1412 1429 1463 Ἡρόδοτος
1467 1411 1506 1453 δὲ
1538 1413 1576 1453 ἐν
1611 1413 1652 1452 α’

288 1494 499 1544 ἀρρενικῶς.
547 1492 748 1537 Photius:
799 1492 960 1544 τιάρα·
1003 1492 1147 1543 κόσμος
1188 1492 1498 1547 ε’πικεφοέλαιος,
1542 1488 1585 1543 ἣν
1618 1493 1650 1535 οἱ

286 1571 470 1622 βασιλεῖς
503 1571 606 1621 μόνοι
636 1573 740 1625 ὀρθὴν
771 1572 929 1625 ἐφόρουν
961 1574 1072 1625 παρα
1103 1572 1292 1625 Πέρσαις,
1321 1573 1353 1613 οἱ
1378 1572 1416 1614 δὲ
1433 1573 1649 1625 στρατηγοὶ

285 1652 528 1701 κεκλιμένην.
563 1651 627 1693 κα)
663 1652 902 1704 Δημάρατος
935 1653 1018 1694 κτὲ.
1050 1652 1095 1694 τὸ
1127 1652 1165 1694 δὲ
1197 1652 1296 1694 αὐτό
1321 1657 1445 1705 φασιν
1467 1649 1647 1694 εἶναικαὶ

286 1731 455 1783 κίταριν·
500 1730 755 1783 Θεόφραστος
788 1728 819 1773 δ’
855 1731 893 1772 ἕν
929 1731 983 1783 τῷ
1015 1730 1098 1784 περὶ
1130 1730 1342 1780 βασιλείας
1375 1731 1550 1782 Κυπρίων
1581 1733 1650 1780 τὴν

286 1809 433 1862 κίταριν
463 1810 512 1854 ὡς
545 1808 733 1862 διάφορον.
765 1808 828 1852 Cf.
860 1812 1045 1864 uterque
1076 1823 1111 1852 v.
1141 1810 1351 1861 κυρβασία.
1391 1809 1475 1852 Sed
1504 1824 1649 1865 quam-

288 1902 417 1944 quam
449 1888 648 1931 Scholion
683 1889 1022 1944 conglutinatum
1056 1903 1150 1931 esse
1172 1889 1483 1941 existimamus,
1505 1894 1649 1932 tamen

287 1982 371 2011 non
395 1972 483 2020 est,
506 1982 582 2010 cur
609 1981 894 2023 repugnemus
918 1967 1090 2011 Nabero
1120 1968 1175 2011 ad
1197 1969 1385 2024 glossam
1404 1970 1518 2023 apud
1541 1969 1646 2012 Pho-

287 2048 393 2091 tium
411 2047 653 2091 adnotanti:
674 2046 829 2091 Glossa
845 2051 911 2091 est
928 2047 1166 2103 Platonica,
1180 2047 1232 2090 cf.
1251 2047 1388 2091 Schol.
1407 2048 1510 2103 Rep.
1526 2048 1650 2091 VIII:

287 2127 375 2170 553
393 2128 437 2171 G.
471 2127 594 2171 Unde
620 2127 809 2170 Boethus
835 2127 1029 2170 hauserit
1053 2131 1236 2182 apparet
1252 2142 1305 2170 ex
1321 2128 1559 2183 Hesychio,
1577 2130 1651 2183 qui

288 2207 442 2251 similia
473 2195 618 2251 tradit.
659 2206 774 2251 Fons
804 2207 1042 2251 communis
1065 2207 1252 2251 omnium
1274 2212 1339 2251 est
1363 2206 1651 2263 Pamphilus.’⁷

287 2286 499 2331 Herodoti
519 2287 639 2330 locus
660 2292 725 2330 est
750 2287 797 2330 I:
830 2288 926 2331 132.
948 2286 1003 2330 cf.
1025 2287 1221 2343 Xenoph.
1244 2288 1380 2330 Anah.
1405 2287 1469 2330 II:
1488 2288 1515 2330 ἵ)
1538 2291 1563 2342 ξ
1583 2289 1651 2332 23.

347 2367 495 2408 Finem
534 2367 602 2409 his
633 2367 852 2421 imponam
885 2367 1178 2409 exscribendis
1210 2368 1348 2410 tribus
1381 2367 1561 2410 Scholiis
1596 2369 1651 2410 ad

288 2448 569 2504 Symposium.

350 2527 490 2571 Schol.
523 2527 717 2584 Sympos.
748 2529 833 2571 193
861 2528 922 2571 A:
946 2530 1145 2570 λίσπαι·
1169 2530 1211 2570 αἱ
1232 2534 1334 2570 λεῖαι
1357 2530 1422 2571 καὶ
1451 2532 1653 2580 ἐκτετριμ-

288 2607 401 2657 μέναι
439 2608 504 2649 καὶ
547 2608 695 2657 &noym
728 2608 839 2658 λίαν,
873 2608 941 2649 καὶ
975 2609 1006 2649 οἱ
1038 2608 1354 2660 διαπεπρισμένοι
1386 2609 1651 2659 ἀστράγαλοι.

287 2684 325 2728 οἵ
349 2703 393 2729 τε
426 2687 615 2734 Ἀθηναῖοι
650 2686 780 2728 λίσποι
813 2690 1028 2729 καλοῦνται
1061 2690 1114 2741 τῷ
1147 2687 1189 2729 ἐκ
1222 2692 1291 2735 τῆς
1321 2687 1358 2729 ἐν
1384 2689 1437 2740 τῷ
1466 2699 1652 2738 κωπηλα-

287 2771 367 2808 τεῖν
399 2770 587 2819 συνεχοῦς
622 2765 789 2818 ἐφέδροις
821 2766 963 2812 αὐτοὺς
995 2767 1267 2816 ἀπογλούτους
1303 2764 1410 2809 εἶναι.

1484 2846 1518 2878 2*
