2057 3375
982 348 1040 390 24

323 488 426 530 Hes.
457 502 523 543 pg.
546 499 653 529 x011.
677 487 805 541 Apud
829 486 1011 541 Hesych.
1045 486 1203 542 legitur
1224 487 1420 540 διαιτηθῇ,
1442 486 1557 541 apud
1577 485 1693 529 Suid.

322 572 363 610 et
395 568 439 610 in
472 567 551 610 lex.
589 566 767 610 Bachm.
800 566 1087 619 κοιτοιδικοισθῇ.

383 646 531 689 Altero
565 645 761 701 exemplo
793 649 914 688 utar:

385 725 524 768 Schol.
561 725 691 780 Hipp.
721 725 824 767 Min.
859 725 947 767 372
975 725 1011 767 Ε
1053 725 1331 773 κατηβολή·
1370 725 1415 767 τὸ
1447 724 1693 774 ἐπιβάλλον·

320 805 528 858 Εὐριπίδης
559 804 728 856 Τημένῳ
760 803 826 846 κοιὶ
860 803 1042 847 Πελιάσι.
1076 803 1242 855 λέγεται
1275 803 1312 845 δὲ
1345 802 1440 846 οὕτω
1475 803 1540 845 ux)
1576 803 1598 852 ἡ
1625 806 1693 845 τοῦ

321 888 486 936 πυρετοῦ
529 883 696 934 περίοδος
739 883 805 925 xx)
838 884 959 934 ὁρμή,
994 883 1059 924 ux)
1095 883 1226 935 μερίς,
1261 883 1328 925 noc)
1362 884 1446 936 ἱεροὶ
1484 883 1612 936 νόσος,
1649 883 1693 925 τὸ

321 964 472 1016 χρεών,
505 963 550 1005 τὸ
582 965 765 1015 καθῆκον,
798 963 934 1018 evexia,
969 963 1138 1013 τελετή,
1172 962 1226 1004 τοὶ
1257 961 1500 1015 νομιζόμενοι.

381 1042 501 1084 Idem
523 1041 733 1097 Hesych.,
757 1041 872 1096 apud
895 1055 1022 1096 quem
1045 1055 1124 1096 pro
1146 1041 1191 1083 τὸ
1212 1041 1336 1094 χρεών
1360 1041 1519 1084 rectius
1536 1041 1694 1096 legitur

320 1122 385 1165 κοιῖ
424 1122 537 1169 τέλος
570 1126 644 1164 τῶν
677 1125 816 1174 χρεῶν,
852 1126 984 1177 atque
1005 1121 1090 1164 huo
1114 1120 1315 1164 Scholion
1337 1120 1471 1163 refert
1489 1119 1693 1163 Schmidt.

319 1202 376 1244 1.1.
410 1202 477 1243 Ad
501 1201 701 1244 Photium
730 1205 892 1251 autem,
922 1201 996 1255 qui
1025 1214 1112 1242 non
1134 1200 1266 1243 habet
1288 1201 1370 1242 nisi
1391 1200 1621 1250 κκτηβολή·
1648 1200 1693 1242 τὸ

321 1283 543 1334 ἐπιβάλλον
578 1281 803 1325 adnotavit
833 1280 1053 1324 Naberus:
1087 1280 1215 1336 Apud
1244 1280 1296 1323 H.
1321 1279 1380 1323 St.
1403 1280 1486 1324 IV:
1519 1280 1634 1323 1030
1657 1281 1693 1323 D

320 1361 593 1404 existimatur
636 1360 775 1403 Schol.
821 1360 928 1403 Plat.
973 1360 1253 1414 exscripsisse
1291 1359 1579 1415 Hesychium3
1613 1359 1694 1401 hoo

323 1441 498 1496 quidem
532 1455 619 1483 non
652 1439 979 1492 affirmaverim,
1014 1439 1051 1482 si
1075 1439 1248 1494 quidem
1273 1442 1445 1482 constat
1466 1442 1694 1494 utrumque

320 1533 444 1562 usum
478 1518 612 1561 fuisse
646 1518 801 1561 Boethi
832 1517 1017 1560 libello.''
1064 1517 1128 1560 Cf.
1161 1517 1281 1572 prior
1310 1517 1452 1572 glossa
1484 1517 1693 1567 κατηβολή

322 1599 438 1653 apud
472 1598 671 1640 Photium
704 1598 850 1652 ibique
882 1597 1038 1639 Naber.

383 1676 588 1720 Eiusdem
622 1676 792 1732 generis
825 1675 997 1732 glossae
1030 1679 1149 1719 sunt:

379 1836 510 1886 ἀγνώς
830 1834 968 1878 Schol.
1002 1834 1242 1889 Euthyphr.
1277 1836 1303 1877 2
1335 1834 1382 1877 Β.

379 1915 558 1958 οἰκεῖσθαι
1011 1913 1115 1969 Rep.
1149 1912 1219 1956 II:
1253 1913 1342 1955 364
1369 1913 1414 1957 C.

379 1995 653 2045 ἀνερμάτιστοο
1010 1992 1186 2036 Theaet.
1223 1993 1307 2035 144
1336 1993 1385 2035 A.

380 2071 502 2124 οέπρίξ
1092 2105 1113 2123 ,,
1221 2071 1304 2113 155
1330 2071 1378 2113 Ε.

379 2152 562 2201 finam-lx
1011 2150 1204 2205 Sympos.
1243 2150 1327 2191 174
1355 2151 1402 2192 A.

379 2230 584 2283 γλίσχρως
1007 2229 1112 2285 Rep.
1144 2227 1273 2271 VIII:
1307 2227 1394 2271 553
1422 2227 1467 2272 C.

380 2310 556 2351 ἐπισίτιοι
1005 2309 1109 2362 Rep.
1141 2308 1226 2351 IV:
1259 2309 1349 2351 420
1375 2309 1423 2350 Α.

379 2389 519 2442 εὐκροὲς
1007 2387 1125 2432 Criti.
1163 2389 1247 2431 112
1276 2388 1328 2433 D.

378 2467 580 2519 ἐφικέσθαι
1009 2467 1140 2522 Hipp.
1172 2467 1272 2509 Mai.
1307 2468 1393 2508 292
1421 2467 1472 2508 Α.

378 2546 428 2600 fix
1011 2546 1135 2601 Apol.
1170 2546 1285 2589 Socr.
1319 2547 1372 2588 21
1404 2546 1451 2588 Ε.

377 2625 506 2677 κᾶρτοι
1009 2624 1113 2667 Tim.
1147 2624 1205 2667 25
1233 2626 1281 2667 D.

378 2704 721 2756 καταδεδοιρθηκώς
1009 2703 1203 2760 Sympos.
1237 2704 1324 2747 219
1353 2704 1396 2747 C.

375 2782 661 2835 καταλογάδην
1005 2783 1133 2841 Legg.
1167 2784 1273 2827 VII:
1309 2786 1392 2827 811
1424 2785 1471 2828 Ε.
