2057 3375
897 326 956 369 93

249 467 331 521 Qui
363 471 505 512 autem
538 467 606 510 his
639 466 793 510 studiis
824 481 1001 523 operam
1034 466 1162 519 dant,
1189 480 1261 510 eos
1282 480 1434 510 moneo
1457 470 1505 509 ut
1526 466 1611 521 ipsi

246 548 438 592 libellum
454 582 465 600 ‚
509 547 634 591 docte
678 550 808 602 atque
849 545 1069 602 eleganter
1106 546 1312 601 scriptum
1326 579 1337 598 ,
1370 546 1608 602 perlegant.

248 628 328 671 Est
359 641 517 684 operae
549 626 747 682 pretium.

306 782 355 825 In
397 782 595 826 ultimum
635 780 718 825 hoo
761 784 893 837 eaput
933 794 1080 824 omnes
1119 780 1285 836 glossas
1314 781 1465 833 retuli,
1499 794 1612 836 quae

246 874 503 916 quacunque
533 860 586 903 de
611 874 744 903 causa
759 859 804 902 in
821 859 1113 915 superioribus
1132 859 1345 914 capitibus
1365 860 1506 902 locum
1524 873 1608 902 non

245 939 476 984 habebant.
512 940 574 984 De
596 940 813 996 plerisque
831 939 904 982 alii
922 939 1048 982 aliter
1064 939 1258 983 iudicant
1263 956 1275 991 ς
1294 939 1398 982 mihi
1417 939 1609 995 saepius,

246 1020 350 1075 quid
375 1019 550 1063 credere
573 1022 783 1075 praestet,
801 1033 887 1062 non
904 1022 1092 1070 constat,
1110 1018 1226 1074 quod
1243 1019 1286 1061 in
1303 1022 1429 1061 tanta
1447 1023 1611 1062 senten-

245 1099 404 1141 tiarum
427 1099 676 1141 diversitate
699 1098 856 1141 nemini
879 1098 1034 1140 mirum
1057 1099 1150 1140 erit.
1183 1098 1401 1140 Illustravi
1422 1098 1611 1153 glossas,

246 1182 455 1232 quantum
487 1177 630 1233 potui,
667 1177 741 1219 sed
777 1190 907 1231 saepe
939 1180 1113 1219 coactus
1143 1191 1237 1219 sum
1262 1180 1488 1220 contentus
1517 1191 1612 1219 esse

245 1255 399 1299 Photio
426 1255 625 1308 laudat03
649 1255 719 1298 hic
740 1255 897 1299 iterum
919 1269 1095 1311 moneo,
1119 1269 1266 1298 omnes
1289 1255 1479 1310 glossas,
1502 1269 1612 1311 quas

244 1333 422 1377 Photius
455 1333 591 1389 (Suid.
619 1336 719 1390 cet.)
742 1339 787 1377 et
808 1333 949 1377 Schol.
972 1334 1132 1376 similes
1155 1334 1368 1389 habeant,
1394 1334 1611 1376 Naberum

245 1412 410 1456 Boetho
450 1412 650 1456 tribuere.
697 1412 815 1463 Quae
855 1416 998 1456 autem
1032 1412 1202 1468 glossae
1230 1418 1405 1469 praeter
1437 1427 1529 1469 eas,
1559 1413 1611 1456 de

246 1491 400 1547 quibus
433 1505 566 1547 supra
596 1492 682 1534 iam
711 1491 817 1544 dixi,
844 1492 890 1534 in
917 1490 1099 1534 Scholiis
1127 1491 1345 1547 leguntur,
1374 1492 1457 1535 hae
1487 1496 1608 1535 sunt:

306 1568 445 1612 Schol.
478 1569 717 1625 Euthyphr.
750 1570 780 1611 4
812 1570 848 1611 A
880 1568 904 1619 ἦ
934 1584 1045 1612 που·
1078 1569 1190 1619 ἴσως,
1224 1571 1378 1623 σχεδόν.

305 1647 425 1690 Idem
456 1647 613 1703 legitur
644 1647 689 1690 in
721 1646 862 1691 Schol.
895 1647 952 1691 ad
973 1648 1138 1691 Politie.
1163 1648 1251 1691 285
1274 1648 1334 1700 D,
1358 1648 1472 1692 idem
1495 1649 1609 1704 apud

245 1725 457 1769 Photium.

304 1803 407 1847 ibid.
447 1804 478 1847 4
498 1803 532 1847 C
563 1804 806 1853 πελάτης·
839 1805 857 1848 o‘
891 1805 978 1847 ἀντὶ
1014 1810 1164 1857 τροφῶν
1199 1804 1296 1864 [καὶ]
1324 1806 1517 1858 ὑπηρετῶν
1542 1807 1608 1848 καὶ

245 1883 523 1937 προσπελάζων
565 1885 646 1926 άπὸ
688 1888 756 1926 τοῦ
802 1884 929 1932 πέλας
973 1885 1053 1934 ἤτοι
1100 1886 1226 1935 ἐγγὺς
1269 1887 1471 1928 ἐκαλεῖτο·
1506 1888 1523 1929 ὁ
1561 1886 1609 1928 δι’

245 1962 388 2004 ἔνδειαν
419 1963 595 2014 προσιών,
645 1963 792 2013 μίσθιος
824 1964 863 2004 δὲ
895 1965 1104 2016 ὑπηρετῶν.

300 2041 487 2088 ”Αλλως·
532 2043 753 2084 πελάται
784 2042 877 2085 εἰσὶν
908 2043 940 2084 οἱ
969 2043 1080 2095 παρὰ
1110 2048 1189 2090 τοῖς
1217 2045 1380 2093 πλησίον
1397 2044 1610 2098 ἐργαζόμε-

245 2131 318 2170 νοι,
360 2121 426 2162 καὶ
470 2122 606 2169 θῆτες·
651 2121 684 2163 οἱ
727 2122 837 2164 αὐτοὶ
881 2120 920 2163 δὲ
952 2122 1017 2163 uxi
1050 2122 1273 2174 ἑκτήμοροι,
1308 2125 1392 2166 ἐπεὶ
1428 2127 1482 2176 τῷ
1513 2124 1611 2175 ἕκτῳ

245 2198 349 2251 μέρει
385 2202 456 2241 τῶν
489 2202 645 2253 καρπῶν
678 2198 899 2253 εἰργάζοντο
930 2201 999 2249 τὴν
1034 2205 1123 2251 γῆν.

306 2279 370 2321 De
414 2279 557 2333 priore
599 2279 746 2333 glossa
786 2278 986 2322 dubitare
1018 2280 1155 2334 possis
1186 2281 1301 2322 unde
1334 2281 1400 2323 sit.
1466 2281 1611 2325 Verba

246 2357 365 2400 ὂοέντὶ
384 2383 446 2390 —-
463 2357 741 2411 προσπελάζων
759 2360 860 2401 sunt
875 2372 898 2401 e
916 2357 1081 2401 Timaei
1097 2358 1233 2402 lexico
1248 2377 1259 2411 ;
1278 2373 1389 2415 quae
1408 2366 1610 2404 secuntur

247 2436 503 2478 conveniunt
533 2450 628 2479 eum
662 2437 717 2491 gl.
752 2437 868 2491 apud
900 2436 1121 2479 Photium:
1155 2440 1394 2480 πελάται·
1428 2441 1460 2481 οἱ
1486 2441 1608 2492 μισθῷ

245 2515 510 2563 δουλεύοντες,
545 2516 628 2557 ἐπεὶ
663 2517 707 2557 τὸ
741 2517 868 2563 πέλας
905 2517 1056 2566 ἐγγύς·
1090 2514 1160 2558 οἷον
1192 2518 1367 2567 ἔγγιστα
1389 2518 1451 2560 διὰ
1473 2521 1608 2561 πενίαν

246 2595 476 2649 προσιόντες.
507 2594 794 2649 Ἀριστοτέλης,
824 2608 962 2651 neque
985 2594 1167 2639 multum
1185 2594 1403 2652 discrepat
1421 2596 1608 2654 Hesych.

246 2673 486 2715 πελάται·
516 2674 548 2715 οἱ
578 2674 639 2715 διὰ
672 2676 741 2722 τὴν
771 2675 998 2724 ἀναγκαίαν
1027 2676 1172 2728 τροφὴν
1194 2677 1315 2727 μισθῷ
1340 2677 1605 2728 δουλεύοντες,

247 2756 272 2801 †
305 2758 405 2805 τρεῖς
436 2753 645 2806 μίσθαρνοι.
679 2753 759 2794 άπὸ
791 2757 859 2795 τοῦ
892 2753 1034 2801 πέλας.
