2057 3375
1099 339 1157 381 60

501 478 638 520 Nemo
661 491 744 519 non
769 476 886 519 videt
905 476 1106 532 glossam,
1119 476 1262 518 Photii
1279 484 1323 519 et
1341 476 1611 520 Scholiastae
1629 478 1810 519 eandem

440 570 534 599 esse
551 559 596 599 et
617 555 806 598 indidem
830 554 1073 598 desumtam
1089 571 1099 609 3
1118 558 1207 598 tum
1229 558 1401 600 constat
1417 554 1508 599 fere
1525 555 1714 612 glossam
1731 555 1810 599 lex.

437 635 545 678 rhet.
577 634 710 678 Bekk.
746 639 823 677 aut
851 634 1106 689 Diogeniani
1129 648 1223 678 esse
1247 640 1323 678 aut
1344 635 1573 679 Atticistae
1597 635 1810 691 (Dionysii

437 715 504 757 vel
547 714 825 768 Pausaniae).
891 713 986 757 Iam
1027 714 1172 757 variae
1212 715 1453 758 sententiae
1491 714 1675 771 proferri
1714 729 1807 770 pos·

437 798 561 846 sunt;
595 794 699 837 mihi
732 797 879 837 autem
911 794 1018 837 haec
1052 793 1363 837 verisimillima
1396 794 1585 837 videtur:
1620 794 1809 850 glossam

437 872 554 929 apud
585 872 831 915 Bekkerum
866 872 1092 915 Atticistae
1123 885 1237 922 esse,
1280 873 1354 928 qui
1387 873 1700 928 Diogenianum
1734 873 1810 916 ad-

437 951 648 1003 hibuerit3
668 977 725 983 —
744 951 925 1008 legimus
942 951 1056 995 enim
1074 951 1192 1007 apud
1209 952 1495 1009 Hesychium:
1515 952 1687 1002 πέλτη·
1712 950 1810 1000 εἶδος

435 1030 557 1074 ὅπλου
583 1037 628 1074 et
645 1031 825 1080 πέλτη·
850 1031 974 1078 ἀσπὶς
990 1031 1073 1074 ἴτυν
1090 1032 1157 1074 οὐκ
1174 1031 1326 1084 ἔχουσαι
1343 1057 1404 1064 -
1414 1031 1646 1084 ,Atticista
1666 1036 1810 1075 autem

436 1110 649 1154 Boethum
681 1124 806 1153 usum
838 1124 934 1153 esse
966 1113 1097 1166 atque
1130 1110 1230 1153 hino
1261 1110 1443 1153 eandem
1474 1110 1665 1166 glossam
1688 1111 1807 1166 apud

439 1189 641 1233 Photium
673 1193 719 1232 et
748 1189 794 1231 in
828 1189 1013 1233 Scholiis
1045 1189 1145 1245 legi.
1518 1200 1521 1202 ·

497 1268 599 1313 ibid.
628 1268 733 1313 VII:
762 1268 851 1312 814
876 1268 914 1311 A
945 1269 1221 1317 ἀπώμοτον·
1255 1269 1592 1322 ἀπηγορευμένον,
1622 1269 1807 1320 Φευκτόν.

499 1348 657 1393 Glossa
699 1349 870 1405 plenius
903 1348 1060 1404 legitur
1091 1349 1137 1391 in
1170 1354 1293 1392 sexto
1325 1348 1406 1392 lex.
1440 1348 1573 1391 Bekk.
1605 1349 1717 1399 441,
1759 1349 1810 1391 14

434 1430 709 1480 ἀπώμοτον·
745 1428 1080 1482 ἀπηγορευμένον,
1114 1429 1285 1482 φευκτὸν
1317 1428 1383 1470 καὶ
1417 1430 1617 1478 ἀποίητον.

616 1509 657 1551 τί
689 1509 723 1551 δ’
755 1508 839 1552 ἔστ’
871 1509 1105 1558 Ἀθηναίοισι
1138 1509 1300 1562 πρᾶγμ’
1333 1509 1567 1565 immor-92⁴3

437 1588 614 1635 Εὔπολις
664 1589 703 1630 ἐν
749 1593 840 1636 ταῖς
883 1588 1064 1631 Πόλεσιν.
1110 1588 1231 1631 Idem
1263 1587 1432 1631 Suidas.
1474 1587 1536 1630 Cf.
1571 1587 1809 1639 Schwartz,

437 1667 547 1709 Aelii
580 1667 755 1722 Dionys.
789 1666 910 1721 reliq.
942 1667 986 1708 in
1018 1681 1055 1709 v.
1089 1666 1217 1709 Mein.
1250 1666 1368 1710 Com.
1400 1666 1454 1709 ΙΙ.
1488 1666 1589 1708 517.

494 1745 596 1788 ibid.
625 1745 753 1790 VIII:
785 1746 872 1788 828
896 1746 934 1788 D
966 1745 1079 1796 μηνὶ
1111 1747 1172 1799 τῷ
1205 1745 1480 1797 δωδεκάτῳ
1515 1746 1810 1800 ὂΣκιροφοριὼν

433 1822 543 1874 οὗτος
592 1825 793 1879 ὠνομάσθη
837 1826 876 1868 δὲ
918 1824 1036 1875 οὕτως
1080 1825 1161 1869 ἀπὸ
1203 1831 1274 1876 τῆς
1307 1825 1492 1879 Σκιράδος
1526 1826 1707 1875 Ἀθηνᾶς.
1740 1824 1806 1867 not}

437 1906 563 1958 Σκίροι
594 1906 700 1958 ἑορτή
732 1906 947 1955 Ἀθήνησιν.

496 1985 620 2029 Prior
651 1999 755 2040 pars
786 1984 947 2027 Scholii
970 1988 1112 2026 exstat
1134 1984 1249 2039 apud
1272 1983 1394 2026 Phot.
1418 1998 1453 2026 v,
1482 1983 1807 2037 σκιροφοριών,

436 2065 608 2109 brevius
652 2066 696 2108 in
737 2065 818 2108 lex.
851 2063 959 2107 rhet.
994 2062 1126 2107 Bekk.
1160 2063 1333 2114 30422,
1398 2062 1545 2107 Verba
1574 2065 1640 2106 καὶ
1675 2070 1746 2107 Σκ.
1778 2065 1808 2106 ἑ.

436 2145 568 2194 Ἀθην.
595 2145 798 2200 leguntur
819 2149 864 2186 et
886 2142 1006 2198 apud
1028 2142 1151 2186 Phot.
1174 2157 1208 2185 v,
1237 2143 1325 2184 Σκί
1330 2159 1399 2195 ρον
1426 2146 1470 2185 et
1491 2142 1608 2197 apud
1624 2142 1807 2198 Hesych.

494 2223 597 2267 ibid.
630 2222 762 2266 VIII:
807 2223 895 2265 849
927 2222 963 2265 B
995 2228 1051 2275 τῇ
1085 2221 1191 2276 νέᾳ·
1224 2222 1287 2272 ἔνη
1321 2223 1387 2265 καὶ
1421 2221 1511 2264 νέοι·
1544 2223 1565 2271 ή
1599 2223 1807 2275 τριακοστὴ

432 2307 501 2347 τοῦ
542 2303 662 2355 μηνὸς
707 2302 834 2355 ἡμέραι
877 2301 970 2355 παρ’
1014 2301 1228 2351 Ἀθηναίοις
1276 2299 1394 2348 οὕτως
1437 2303 1631 2345 ἐκαλεῖτο.
1666 2302 1806 2352 ἐκλήθη

435 2384 473 2427 δὲ
505 2384 568 2433 ἔνη
601 2382 668 2426 καὶ
701 2383 794 2433 νέοι,
829 2381 886 2425 ὅτι
923 2382 967 2424 τὸ
999 2381 1071 2433 μέν
1103 2398 1140 2424 τι
1173 2380 1284 2434 μέρος
1312 2381 1399 2435 ἔχει
1427 2385 1495 2425 τοῦ
1522 2381 1807 2435 παρῳχημένου

433 2467 577 2516 μηνός,
624 2462 716 2517 ὅπερ
758 2463 820 2513 ἔνη
864 2464 970 2506 ἐστι’·
1014 2462 1082 2505 καὶ
1133 2464 1214 2516 γὰρ
1257 2463 1334 2506 ἕνον
1376 2462 1421 2505 τὸ
1463 2463 1635 2505 ποιλοιιόν
1676 2466 1805 2516 φασι,

434 2546 511 2588 νέον
554 2545 593 2587 δὲ
636 2546 680 2587 τὸ
713 2548 777 2587 νῦν
809 2543 1007 2594 ἐπιλαβὸν
1039 2547 1108 2586 τοῦ
1141 2542 1454 2593 εἰσεληλυθότος,
1492 2540 1510 2585 ὃ
1542 2541 1606 2585 διὰ
1637 2546 1705 2585 τοῦ
1738 2543 1806 2585 νέοι

433 2626 603 2674 δηλοῦσι.
651 2624 761 2667 κατὰ
803 2625 883 2676 γὰρ
924 2624 1088 2673 σελήνην
1131 2621 1224 2674 ἦγον
1269 2623 1358 2670 τοὺς
1400 2629 1543 2674 μῆνας.
1588 2624 1606 2664 ο“
1650 2621 1689 2664 δὲ
1734 2628 1806 2671 τῆς

434 2705 597 2753 σελήνης
630 2704 709 2753 μήν
732 2705 844 2746 ἐστιν
877 2703 1106 2746 εἶκοσιεννέοι
1140 2703 1327 2756 τέταρτον
1359 2704 1520 2755 ἡμερῶν.

496 2783 633 2825 Multo
665 2783 834 2825 brevius
867 2787 933 2826 est
962 2783 1042 2825 lex,
1076 2783 1184 2825 rhet.
1218 2781 1351 2825 Bekk.
1384 2782 1493 2834 250,
1528 2782 1581 2823 18
1616 2781 1692 2830 ἔνη
1726 2781 1808 2823 xxi
