2057 3375
883 331 939 372 97

291 469 408 514 Coni.
441 469 582 514 Schol.
614 470 796 514 Phaedr.
829 469 916 512 268
949 468 987 511 A
1018 469 1172 521 ήτριον
1207 468 1249 510 τὸ
1275 471 1417 521 εὐϋΦὲς
1439 469 1594 519 ἱμάτιον

230 550 297 594 καὶ
328 551 474 604 οὶραῖον.

287 629 408 673 Idem
439 629 573 674 habet
603 629 724 673 Phot.
740 661 751 679 ,
773 629 847 672 ubi
868 628 963 671 vide
984 627 1140 671 Naber.
1174 627 1437 670 Schmidtius
1459 627 1590 678 haec,

230 710 370 754 minus
403 714 518 753 recte
550 714 599 753 ut
630 709 818 762 videtur,
851 723 904 752 ex
935 708 1201 764 Diogeniano
1233 706 1409 750 fluxisse
1433 707 1595 750 statuit.

229 789 369 847 Apud.
400 788 500 834 Hes.
533 793 600 833 est
630 789 787 842 ἥτριον
805 803 815 813 ·
849 787 947 843 ὕφος
978 787 1137 831 λεπτόν.

292 869 431 914 Schol.
462 870 660 914 Parmen.
697 870 782 912 126
815 868 852 911 Ε
883 869 1098 917 Μελίτη·
1131 868 1250 919 δῆμος
1283 868 1524 919 Κεκροπίδας.

291 948 414 994 Phot.
445 949 569 994 idem.

290 1029 393 1072 ibid.
441 1029 521 1071 127
565 1029 603 1071 A
646 1030 669 1079 ή
711 1032 785 1071 τῶν
826 1028 1169 1077 Παναθηναίων
1202 1028 1309 1078 εὀρτὴ
1341 1026 1407 1069 καὶ
1441 1027 1458 1068 5
1489 1027 1597 1078 οέγὼν

229 1107 337 1158 ἐτέθη
379 1107 452 1158 μὲν
490 1110 638 1161 πρῶτον
679 1107 754 1150 ὑπὸ
794 1106 1027 1161 Ἐριχθονίου
1069 1110 1137 1149 τοῦ
1169 1105 1392 1159 Ἡφαίστου
1424 1105 1491 1148 καὶ
1526 1109 1596 1154 τῆς

229 1188 410 1239 Ἀθήνης,
444 1187 597 1239 ὕστερον
628 1188 667 1229 δὲ
700 1188 773 1230 ὑπὸ
806 1188 962 1233 Θησέως
994 1187 1292 1237 συναγαγόντος
1326 1191 1414 1231 τοὺς
1454 1186 1596 1234 δήμους

231 1267 284 1315 εἷς
317 1264 435 1312 ἄστυ.
467 1265 615 1319 ἄγεται
643 1267 683 1310 δὲ
710 1267 728 1310 5
754 1267 862 1318 οὶγὼν
887 1267 951 1310 δια
982 1266 1100 1310 πέντε
1132 1268 1238 1310 ἐτῶν.
1266 1265 1331 1308 καὶ
1360 1263 1597 1319 ἀγωνίζεται

231 1350 329 1393 παῖς
365 1346 527 1396 ’Ἰσθμια
569 1347 611 1389 οὐ
642 1346 903 1398 πρεσβύτερος
931 1345 1000 1401 Γκαὶ
1028 1345 1201 1396 ἀγένειος
1229 1345 1295 1387 καὶ
1322 1345 1439 1398 ἀνήρ·
1473 1347 1527 1396 τῷ
1560 1344 1599 1386 δὲ

231 1428 377 1468 νικῶντι
409 1425 573 1469 διδόασιν
604 1425 734 1468 ἔλαιον
765 1426 803 1468 ἕν
834 1427 1055 1479 αμφορεῦσι
1087 1425 1155 1467 καὶ
1187 1428 1449 1477 στεφανοῦσιν
1478 1423 1596 1466 αὐτὸν

235 1505 352 1560 ἐλαίᾳ
383 1511 551 1559 πλεκτῇ.

294 1582 458 1625 Eadem
489 1583 635 1638 glossa
667 1583 824 1638 legitur
855 1582 971 1638 apud
1003 1582 1226 1638 Photium,
1268 1582 1444 1624 Suidam
1478 1586 1522 1624 et
1552 1582 1597 1623 in

233 1662 461 1716 Excerptis
494 1676 547 1704 ex
579 1662 759 1705 Eudemi
791 1662 937 1705 codice
968 1662 1164 1704 Parisino
1192 1662 1308 1716 (vide
1331 1661 1523 1716 Boysen,
1546 1661 1599 1703 de

237 1740 497 1795 Harpocrat.
529 1740 611 1783 lex.
633 1740 737 1783 font.
760 1755 828 1796 pg.
856 1741 972 1796 102).
1005 1739 1166 1783 Graves
1189 1740 1458 1795 corruptelae
1482 1739 1600 1795 apud

236 1818 436 1862 Photium
469 1820 629 1874 partim
660 1833 684 1862 e
712 1818 846 1863 Suida
867 1820 1088 1863 emendari
1109 1823 1300 1874 possunt.
1334 1819 1421 1862 Sub
1438 1819 1600 1869 Ἴσθμια

231 1896 394 1951 (Schol.
427 1896 542 1939 Suid.
574 1897 702 1954 Eud.)
735 1897 799 1940 vel
831 1896 1023 1948 Ἰσθμικοῦ
1046 1897 1203 1953 (Phot)
1225 1898 1362 1940 latere
1385 1911 1594 1940 annorum

231 1990 456 2019 numerum
478 1976 748 2033 patetpquid
772 1981 917 2021 autem
934 1976 1229 2033 reponendum
1248 1977 1327 2030 sit,
1350 1991 1434 2020 non
1447 1977 1599 2034 liquet.

232 2056 297 2099 De
344 2055 593 2100 Erichtonio
637 2056 821 2100 Vulcani
868 2060 913 2100 et
959 2056 1178 2100 Minervae
1224 2056 1314 2100 filio
1359 2056 1411 2100 cf.
1443 2056 1599 2100 Naber.

230 2133 394 2189 Proleg.
426 2149 498 2190 pg.
531 2135 601 2177 60.

293 2209 432 2255 Sobel,
474 2211 637 2255 Phileb.
682 2212 742 2256 30
772 2213 811 2256 D
854 2212 1118 2264 γενούστης
1159 2214 1178 2254 5
1222 2210 1293 2255 οἷον
1329 2214 1542 2263 γεννήτης,
1577 2214 1599 2261 ἢ

231 2290 454 2342 συγγενής,
488 2289 510 2340 ἢ
544 2290 727 2344 ἔγγονος,
766 2289 815 2335 ὧν
848 2292 893 2336 τὸ
923 2296 1151 2336 τελευταῖον
1183 2292 1411 2346 ἐκδέχεσθαι
1443 2291 1599 2344 ἄμεινον

234 2367 272 2427 [ἢ
304 2369 322 2412 5
353 2366 425 2412 οἷον
457 2369 717 2429 γεννητικο’ς].’

293 2447 470 2493 Uncinis
501 2447 670 2492 inclusa
700 2463 753 2493 ex
784 2449 1000 2507 Hesychio
1034 2455 1157 2503 sunt3
1188 2454 1333 2494 cetera
1355 2465 1408 2494 ex
1430 2450 1597 2495 Boetho

232 2539 326 2570 esse
357 2529 483 2581 putat
514 2525 803 2580 Mettauerus;
835 2527 987 2571 eadem
1009 2528 1141 2571 habet
1164 2527 1334 2571 Suidas.
1387 2529 1590 2572 Formam

232 2605 444 2657 γενούστης
493 2605 566 2648 alii
613 2606 873 2660 defendunt,
920 2607 994 2651 alii
1041 2622 1093 2651 ex
1136 2607 1270 2659 γένους
1312 2612 1379 2651 τοῦ
1425 2609 1598 2665 (nempe

233 2684 349 2739 apud
389 2683 616 2726 Platonem*
644 2685 818 2739 legitur:
871 2691 934 2738 Τῇ
967 2686 1007 2727 δέ
1038 2684 1159 2738 γ’ἐμῇ
1191 2686 1347 2738 ζητήσει
1382 2688 1593 2738 πεπορικὼς

230 2763 458 2818 ἀπόκρισιν,
503 2761 558 2807 ὅτι
592 2767 675 2812 νοῦς
707 2762 790 2807 ἐστὶ
825 2763 960 2816 γένους
992 2768 1060 2808 τοῦ
1091 2764 1250 2808 πάντων
1281 2765 1404 2809 αἰτίου
1435 2766 1599 2819 λεχθέν-

1443 2842 1463 2876 7
