2057 3375
938 330 992 373 15

283 474 385 529 quin
408 474 516 517 haec
536 472 730 515 indidem
750 470 974 522 fluxerint,
1000 468 1114 511 unde
1142 467 1290 524 glossa
1312 467 1425 523 apud
1450 466 1643 511 Suidam:

280 552 485 605 κομψόν·
518 553 762 603 περίτρανον,
808 550 1042 602 περίλαλον,
1090 551 1331 598 πανοῦργον,
1374 545 1643 597 οὶπατητικόν,

281 631 457 680 πιθανόν,
499 630 702 684 τεχνικόν,
743 631 824 672 ἔστι
870 629 902 670 δ’
941 626 1004 671 δ’τε
1045 628 1110 669 καὶ
1142 626 1292 679 οέγαθὸν
1325 627 1390 668 καὶ
1424 626 1643 669 σπουδαῖον.

283 711 445 753 Horum
478 710 576 753 fons
607 710 809 752 incertus.

343 790 481 834 Schol.
512 789 644 845 Legg.
678 787 810 832 VIII:
844 787 932 831 850
958 787 996 830 A
1042 786 1251 838 μέτοικοί
1282 787 1374 829 εἰσιν
1406 786 1438 829 οἱ
1471 788 1644 829 ἐνοικοῦν-

281 885 345 917 τες
378 867 473 915 &bum
505 869 543 911 ἐν
573 875 623 922 τῇ
656 868 792 915 πόλει,
829 867 896 909 καὶ
929 870 1132 913 τελοῦντες
1166 866 1243 907 ἀνὰ
1276 866 1465 919 δραχμὰς
1495 865 1552 916 ιβ’
1577 870 1645 908 τοῦ

281 950 455 991 ἐνιαυτοῦ
497 950 550 994 εἰς
591 947 635 989 τὸ
680 947 881 998 δημόσιον,
932 947 998 988 καὶ
1049 945 1256 998 τριώβολον
1296 948 1351 998 τῷ
1393 951 1643 997 γραμματεῖ.

251 1050 254 1051 ’
281 1029 522 1080 μετοίκιον
563 1025 624 1071 οὖν
656 1027 739 1070 ἐστὶ
772 1028 883 1074 τέλος
914 1024 1010 1069 οὕτω
1042 1026 1301 1077 καλούμενον,
1335 1024 1352 1068 ὃ
1385 1026 1562 1068 ἐτίθεσαν
1594 1032 1644 1079 τῇ

280 1108 353 1160 μὲν
384 1108 494 1151 πόλει
525 1107 714 1161 δραχμὰς
747 1106 787 1156 ι’,
820 1107 874 1158 τῷ
907 1106 945 1148 δὲ
978 1106 1123 1158 τελώνῃ
1152 1105 1370 1158 τριώβολον.

340 1187 580 1242 Utramque
610 1186 797 1242 glossam
829 1184 977 1228 eodem
1010 1198 1156 1227 errore
1187 1185 1231 1226 in
1263 1199 1441 1227 numero
1473 1184 1498 1226 ι’
1527 1185 1641 1240 leges

281 1267 396 1322 apud
430 1266 611 1322 Hesyoh.

342 1344 482 1389 Schol.
514 1344 574 1389 Io.
606 1344 696 1388 530
728 1344 763 1387 A
793 1348 911 1394 μῶν·
945 1344 1001 1395 μὴ
1035 1341 1104 1397 αὖ,
1141 1344 1182 1385 οὐ
1216 1343 1282 1393 δή,
1318 1338 1408 1395 ἄρα.

341 1424 524 1479 Hesych.
558 1428 652 1474 μῶν
668 1437 677 1446 ·
711 1424 781 1473 μή.
807 1426 847 1466 οὐ
874 1424 933 1471 δή.
955 1420 1046 1474 ἆρα.
1081 1421 1256 1476 Corrige
1279 1423 1394 1477 apud
1416 1428 1645 1477 utrumque

279 1504 336 1553 μὴ
367 1500 440 1546 οὖν.

342 1581 480 1625 Schol.
513 1580 706 1638 Sympos.
743 1581 828 1623 194
859 1580 905 1622 Β.
933 1582 951 1622 0'
962 1580 1070 1631 κρίβ
1082 1594 1227 1622 αντα·
1256 1581 1300 1622 τὸ
1331 1585 1483 1631 λογεῖον
1510 1582 1576 1631 ἐφ’
1605 1579 1648 1623 οὗ

280 1665 312 1705 οἱ
346 1663 534 1715 τραγῳδοὶ
568 1662 808 1715 ἠγωνίζοντο.
842 1662 940 1709 τινὲς
966 1661 1005 1703 δὲ
1032 1661 1275 1713 κιλλίβαντα
1299 1668 1480 1714 τρισκελῆ
1496 1663 1644 1716 φασίν,

280 1745 347 1797 ἐφ’
381 1740 425 1785 οὗ
452 1740 633 1786 ἵστανται
671 1742 703 1784 οἱ
736 1741 935 1795 ὑποκριταὶ
968 1741 1033 1783 καὶ
1067 1740 1120 1783 τα
1152 1741 1195 1783 ἐκ
1226 1741 1417 1795 μετεώρου
1450 1742 1642 1792 λέγουσιν.

342 1822 463 1865 Haec
476 1855 486 1872 ,
505 1822 549 1863 ni
571 1821 711 1873 fallor,
736 1820 982 1864 Scholiasta
998 1834 1051 1863 ex
1066 1821 1322 1875 Diogeniani
1340 1821 1425 1864 sive
1443 1821 1646 1877 Hesychii

280 1901 418 1944 lexico
449 1901 593 1956 petiit,
632 1899 706 1942 ubi
738 1900 889 1943 eadem
921 1900 1121 1955 leguntur
1152 1900 1195 1941 in
1229 1914 1263 1942 v.
1295 1901 1467 1952 ὁκρίβας.
1515 1901 1642 1956 Apud

280 1979 481 2022 Photium
528 1983 595 2022 est
641 1979 800 2033 duplex
831 1979 975 2033 glossa
1006 1979 1190 2031 ὅκρίβας,
1224 1992 1408 2033 quarum
1441 1980 1643 2022 alteram:

281 2058 503 2112 ὀκρίβας·
543 2057 596 2100 ’τὸ
639 2062 791 2109 λογεῖον
835 2058 902 2109 ἐφ’
938 2055 983 2099 οὗ
1013 2058 1044 2099 οἱ
1077 2057 1263 2110 τραγῳδοὶ
1296 2058 1545 2112 ἠγωνίζοντο·
1577 2059 1644 2101 καὶ

281 2137 452 2179 Πλάτων
499 2137 516 2178 o‘
562 2136 780 2189 Φιλόσοφος
828 2137 866 2178 ἐν
911 2138 1125 2188 Συμποσίῳ
1168 2137 1357 2187 κέχρηται
1399 2139 1453 2189 τῷ
1484 2138 1645 2188 ὀνόματι

282 2216 566 2258 Schwartzius
587 2221 703 2258 recte
725 2216 878 2258 tribuit
899 2216 1020 2258 Aelio
1043 2215 1246 2271 Dionysio
1260 2249 1270 2266 ,
1294 2217 1368 2270 qui
1390 2217 1644 2271 Diogeniani

280 2293 446 2336 lexicon
470 2291 726 2345 adhibebat3
745 2293 933 2349 priorem
951 2297 1117 2336 autem:
1138 2293 1355 2345 ὅκρίβας·
1384 2296 1524 2349 σκηνή,
1546 2295 1645 2341 ἰδίως

281 2372 437 2413 πάντων
468 2376 543 2413 τῶν
575 2372 794 2422 λεγόντων·
828 2373 882 2414 τα
916 2373 1123 2414 πλαστικαὶ
1156 2374 1363 2422 πήγματα
1390 2374 1457 2424 ἐφ’
1484 2371 1536 2420 οἷς
1561 2374 1645 2415 δια-

280 2455 443 2492 τυποῦσι
490 2452 563 2491 τοὶς
613 2452 783 2497 εἰκόνας·
831 2452 896 2492 καὶ
951 2453 1005 2493 τὰ
1049 2452 1326 2500 ὑπερείσματα
1368 2458 1460 2494 τᾶν
1483 2453 1644 2495 ἔυλίνων

280 2527 470 2582 θεάτρων
513 2527 673 2579 βέλτιον
718 2528 756 2571 δὲ
797 2530 987 2582 φαίνεται
1029 2529 1073 2571 τὸ
1112 2536 1262 2580 λογεῖον
1294 2529 1359 2585 ἐφ’
1391 2528 1434 2572 οὗ
1462 2528 1643 2574 ἵστανται

280 2609 311 2651 οἱ
353 2608 543 2660 τραγῳδοί
585 2622 680 2650 cum
724 2608 895 2651 Nabero
926 2608 1149 2651 tribuerim
1182 2610 1368 2658 Boetho,
1402 2610 1454 2652 cf.
1486 2611 1643 2667 Naber.

280 2686 445 2743 Proleg.
479 2687 534 2730 ad
567 2686 688 2730 Phot.
720 2702 788 2743 pg.
812 2688 891 2739 60,
928 2687 1002 2729 ubi
1024 2692 1169 2729 tamen
1191 2689 1244 2729 de
1266 2689 1481 2731 nonnullis
1504 2690 1643 2742 minus

280 2771 396 2810 recte
427 2768 643 2809 iudicasse
677 2769 853 2809 videtur.
