2057 3375
865 291 945 334 111

280 427 397 472 Suid.
429 432 473 471 et
503 427 679 472 Bachm.
711 427 816 472 lez:
848 428 1161 482 διεκπεροὶσαιμι.

279 506 419 551 Schol.
451 506 628 551 Axioch.
661 507 749 551 364
779 506 816 550 B
847 508 1358 561 μορμολυττομένους·
1390 518 1585 560 μορμολυ-

217 585 307 629 κεῖα
348 590 453 637 Φασι
483 588 539 629 τὰ
569 590 645 628 τῶν
676 586 884 638 ὑποκριτῶν
916 586 1131 639 πρόσωπα,
1163 585 1192 629 ἃ
1225 592 1382 639 Δωριεῖς
1414 587 1580 641 γόργεια

218 668 415 709 καλοῦσιν.
460 666 631 709 ἐντεῦθεν
673 664 740 709 καὶ
784 666 830 709 τὸ
874 665 1101 720 ἐκφοβῆσαι
1150 664 1468 720 μορμολύξασθαι
1516 666 1583 709 καὶ
1628 715 1632 718 ,

217 746 602 800 μορμολυττομένους
634 746 723 794 τοὺς
756 745 1029 801 ἐκφοβοῦντας
1061 746 1258 796 λέγουσιν.

278 823 397 868 Coni.
452 823 592 868 Schol.
640 823 770 882 Gorg.
811 825 900 868 473
944 825 983 867 D
1028 825 1378 877 μορμολύττει·
1427 824 1584 879 Φοβεῖς.

217 910 416 956 παρῆκται
458 904 497 947 δὲ
537 904 582 947 τὸ
623 906 730 958 ῥῆμα
770 904 850 948 ἀπὸ
890 908 966 947 τῶν
1007 904 1266 962 προσωπείων,
1294 908 1369 947 τῶν
1411 904 1451 947 ἐν
1494 909 1585 953 ταῖς

216 983 451 1036 τραγῳδίαις
493 984 721 1037 ὑποκριτῶν,
764 982 793 1027 ἃ
825 984 989 1028 ἐκάλουν
1022 988 1315 1038 μορμολυκεῖα,
1350 988 1508 1037 Δωριεῖς
1540 983 1580 1027 δὲ

216 1063 375 1116 γόργια.
414 1063 594 1111 τοιούτοις
636 1063 676 1107 δὲ
718 1064 784 1106 καὶ
823 1064 865 1106 αἱ
896 1068 1081 1115 γυναῖκες
1113 1063 1168 1106 τα
1201 1063 1339 1107 παιδία
1371 1062 1586 1117 Φοβοῦο-ιν,

277 1141 443 1186 Similia
482 1142 685 1198 leguntur
727 1142 845 1200 apud
888 1143 1034 1196 Phot„
1078 1142 1195 1187 Suid.
1213 1177 1224 1195 ‚
1256 1142 1440 1200 Hesych.
1472 1141 1581 1187 Cum

218 1219 455 1268 Schmidtio
486 1221 670 1266 referam
703 1222 759 1266 ad
790 1222 1115 1280 Diogenianum.

273 1299 375 1343 ibid.
408 1300 496 1345 396
529 1300 566 1344 A
596 1311 756 1352 συγκλ
768 1301 857 1344 ύδω
869 1315 965 1349 νος·
998 1299 1228 1352 ἐπιαίκτου,
1262 1301 1474 1350 ἕπηλύτου.

275 1378 491 1436 Corrupta
521 1379 661 1423 forma
682 1380 951 1432 συγκλύδωνος
964 1413 973 1430 ,
998 1395 1079 1435 pro
1101 1394 1189 1436 qua
1209 1381 1379 1436 legatur
1401 1380 1581 1431 σύγκλυ-

215 1459 299 1511 δος,
331 1460 447 1515 quod
478 1463 545 1503 est
574 1459 619 1502 in
649 1464 773 1503 textu
804 1458 1008 1504 Platonis.

276 1538 378 1581 ibid.
427 1539 510 1581 371
564 1538 601 1580 D
650 1538 932 1590 οὶγιστείας’
982 1539 1233 1593 azymam,
1282 1538 1581 1591 καθαρότης-ας,

217 1619 420 1669 λατρείας.

280 1695 437 1740 Glossa
477 1696 633 1753 legitur
665 1696 781 1753 apud
814 1692 990 1740 Suidam
1022 1699 1067 1740 et
1096 1696 1141 1739 in
1174 1699 1295 1740 sexto
1326 1696 1408 1739 lex.
1441 1695 1578 1741 Bekk.

220 1776 364 1827 328‚4.

278 1855 596 1911 Disputationis
628 1853 758 1898 finem
789 1853 934 1899 facere
957 1854 1028 1898 hio
1049 1868 1221 1910 possem
1236 1888 1246 1907 ‚
1268 1853 1351 1898 nisi
1373 1854 1443 1910 id,
1467 1854 1583 1911 quod

218 1947 352 1990 supra
391 1933 609 1989 pollicitus
649 1947 767 1985 sum,
799 1947 912 1976 nunc
944 1933 1196 1976 solvendum
1228 1933 1331 1975 mihi
1364 1938 1499 1977 esset:
1533 1937 1581 1976 ut

218 2013 383 2068 dicam,
426 2013 531 2067 quid
573 2012 787 2064 Colmius,
829 2012 950 2055 cuius
992 2012 1236 2067 opinionem
1280 2013 1332 2056 de
1364 2012 1584 2056 nonnullis

217 2091 372 2147 glossis
419 2090 686 2135 Scholiorum
725 2091 813 2135 iam
855 2090 1073 2143 novimus,
1117 2089 1171 2135 de
1215 2091 1370 2135 ceteris
1413 2091 1584 2134 sentiat.

220 2168 343 2221 Quod
380 2169 565 2215 breviter
598 2183 827 2226 exponam.
889 2169 956 2213 Ad
988 2170 1156 2213 Aelium
1188 2170 1440 2226 Dionysium
1474 2169 1583 2214 refe-

217 2250 376 2293 rendas
397 2263 490 2294 esse
512 2253 638 2305 putat
657 2249 712 2305 gl.
734 2249 985 2302 ἀλιτηριώδης
1006 2248 1166 2305 (Sohol.
1188 2249 1291 2304 Rep.
1315 2249 1373 2292 V:
1396 2250 1486 2292 470
1503 2250 1584 2306 D),

218 2327 294 2383 ᾖα,
328 2331 407 2380 σέὶ,
440 2333 597 2382 Φαῦλον
629 2327 792 2384 (Schol.
823 2327 960 2372 Alcib.
993 2327 1061 2372 II:
1098 2328 1181 2372 147
1215 2328 1297 2383 D),
1330 2328 1468 2380 ὑηνῶν,
1496 2327 1584 2372 for-

220 2414 339 2452 tasse
370 2409 505 2458 τέλος,
539 2408 595 2451 ad
625 2408 882 2452 Pausaniam
906 2407 963 2463 gl.
982 2408 1173 2462 ἀμοργίς,
1195 2407 1379 2451 fortasse
1401 2414 1583 2458 γεννῆται

220 2486 382 2543 (Schol.
415 2486 578 2530 Phileb.
612 2488 669 2530 30
702 2487 784 2540 D),
805 2487 1080 2539 αμφιδρόμια,
1103 2486 1282 2543 κύρβεις,
1305 2488 1579 2537 Παναθήναια,

213 2565 365 2619 ’Ἄρειος
397 2566 553 2617 πάγος,
585 2564 782 2617 Εἵλωτες,
816 2565 1068 2616 Ἀκαδημία,
1100 2564 1431 2618 βασανιζόμενον,
1452 2564 1582 2616 βωμο-

219 2644 368 2697 λοχία,
413 2644 638 2701 ἐπίκληρος,
684 2642 855 2697 ἄβολος,
902 2645 957 2688 ad
989 2643 1160 2689 lexicon
1191 2643 1407 2699 quoddam
1439 2643 1581 2687 rheto-

220 2723 355 2767 ricum
394 2723 450 2779 gl.
493 2723 658 2773 λίσπαι,
701 2723 922 2773 vemt-affl,
968 2721 1068 2766 ὅσια.
1133 2722 1314 2766 Glossae
1346 2719 1374 2764 ὦ
1406 2722 1505 2774 μέλε
1538 2726 1582 2766 et
