2057 3375
1038 327 1139 368 *104

469 466 570 508 ibid.
602 465 689 507 431
724 465 761 507 E
800 466 1021 513 ἐπιεικῶς
1061 466 1106 508 τὸ
1137 466 1298 516 ἱκανῶς,
1334 467 1383 513 ὣς
1415 469 1494 510 νῦν.
1525 466 1708 515 σημαίνει
1740 465 1779 507 δὲ

407 543 472 586 καὶ
512 542 556 586 τὸ
588 542 692 585 πάνυ
706 577 717 591 ,
751 543 817 585 καί
851 542 1082 595 παραδόξως
1098 577 1109 594 ,
1142 543 1209 585 καί
1242 542 1336 595 παρ’
1367 543 1513 586 ἐλπίδα
1525 575 1537 595 ,
1570 543 1639 587 καὶ
1671 544 1781 595 μετὰ

407 622 700 675 χρηστότητος,
735 622 801 664 καί
834 620 999 675 μετρίως
1034 623 1056 672 ἢ
1089 621 1338 676 συμμέτρως.

468 701 588 744 Idem
623 701 792 744 Suidas.
825 701 1042 744 Mettauer
1072 702 1240 745 Boetho
1273 702 1438 745 tribuit.

465 779 569 822 ibid.
611 778 674 821 V:
717 778 807 822 465
848 778 881 823 C
924 777 1118 827 οἰκέτας
1159 779 1249 828 τοὺς
1280 779 1461 832 οἰκείους,
1492 779 1582 833 οὐχὶ
1615 779 1655 821 δὲ
1690 779 1779 827 τοὺς

406 858 559 904 δούλους
602 857 738 907 μόνον,
782 859 832 904 ὥς
864 859 886 906 ἡ
920 862 983 900 νῦν
1015 859 1209 907 συνήθεια.
1247 858 1330 901 ἔστι
1361 859 1428 901 καὶ
1461 860 1554 911 παρ’
1585 858 1774 912 Ἡροδότῳ

408 940 431 989 ἡ
461 943 618 991 κρῆσις·

469 1016 845 1073 Schweighaeuser
875 1017 920 1059 in
951 1016 1091 1060 lexico
1123 1015 1371 1062 Herodoteo
1403 1031 1439 1061 v.
1471 1017 1618 1067 οἰκέτης
1646 1017 1779 1061 dicit:

408 1096 595 1148 Οἰκέται,
636 1098 677 1139 οὐ
718 1095 831 1146 μόνον
872 1096 904 1138 οἱ
946 1096 1090 1148 δοῦλοι,
1135 1097 1250 1139 άλλοὶ
1292 1095 1359 1139 καὶ
1402 1095 1550 1144 πάντες
1584 1097 1616 1140 οἰ
1653 1097 1691 1139 ἐν
1726 1097 1780 1150 τῷ

406 1175 516 1231 οἴκῳ,
551 1177 651 1228 γυνὴ
684 1176 749 1218 καὶ
783 1177 901 1218 τέκνα
914 1208 927 1227 ,
961 1178 1010 1218 ut
1040 1175 1103 1218 ait
1132 1174 1321 1219 Thomas
1353 1175 1465 1231 Mag.
1499 1175 1640 1219 citans
1671 1174 1780 1219 illud

407 1256 642 1309 Herodoti,
686 1256 729 1304 ἢν
773 1255 1034 1306 κομισάμενος
1075 1255 1165 1302 τοὺς
1203 1255 1356 1303 οἰκέταις
1403 1256 1503 1308 οἰκέῃ
1545 1255 1691 1309 ἐκείνη,
1726 1269 1781 1298 ex

407 1334 534 1377 VIII:
580 1335 664 1377 106
714 1348 749 1376 a.
793 1347 870 1385 m.‚
917 1334 992 1377 ubi
1038 1334 1127 1382 τοὺς
1170 1333 1324 1381 οἰκέτας
1366 1334 1496 1390 paulo
1542 1336 1641 1389 post
1682 1334 1777 1390 ipse

407 1413 602 1468 Scriptor
633 1413 948 1467 interpretatur
978 1413 1034 1455 τοὶ
1061 1411 1180 1455 τέκνα
1207 1412 1273 1455 κοιί
1300 1413 1371 1462 τὴν
1397 1411 1612 1465 γυναῖκα.”
1657 1412 1778 1455 Idem

406 1492 497 1536 fere
530 1497 662 1549 atque
694 1492 843 1536 Thom.
878 1491 990 1549 Mag.
1022 1491 1155 1536 habet
1187 1490 1354 1537 Suidas.

467 1572 569 1614 ibid.
604 1571 710 1614 VII:
745 1572 834 1614 526
865 1572 905 1614 D
948 1570 1085 1620 ἡδύς·
1121 1572 1284 1620 εὐήθης·
1319 1571 1481 1614 ἐκάλουν
1513 1570 1554 1613 δὲ
1583 1570 1679 1614 οὕτω
1715 1572 1779 1614 καὶ

407 1651 496 1696 τοὺς
532 1650 769 1701 ὑπομωρούς.

468 1727 590 1772 Idem
622 1727 746 1772 Phot.
782 1726 891 1772 Vide
920 1725 1067 1772 Schol.
1099 1727 1296 1772 Parmen.
1335 1728 1415 1772 131
1451 1728 1500 1772 B.

468 1809 570 1851 ibid.
605 1809 735 1851 VIII:
769 1808 854 1851 561
892 1810 928 1850 A
961 1809 1306 1862 ἐκβακχευθῇ·
1342 1811 1508 1862 ἕκμανῇ.

470 1887 588 1932 Suid.
622 1887 933 1942 ἐκβακχευθείς·
969 1889 1167 1939 ἕκμανείς·

468 1967 571 2011 ibid.
604 1967 692 2010 568
725 1967 775 2010 A.
807 1968 886 2010 οὐκ
920 1967 1047 2015 ἐτός·
1081 1967 1144 2011 ὁτὲ
1175 1967 1247 2018 μὲν
1280 1968 1321 2011 οὐ
1353 1967 1511 2023 μάτην,
1545 1967 1608 2011 ὁτὲ
1641 1966 1681 2010 δὲ
1715 1968 1783 2011 οὐκ

410 2048 592 2099 άλόγως·
637 2048 748 2100 παρὰ
791 2049 836 2091 τὸ
882 2049 1060 2101 ἐτώσιον,
1101 2047 1125 2091 5'
1158 2050 1241 2091 ἐστι
1272 2049 1317 2091 τὸ
1348 2049 1545 2100 μάταιον,
1581 2050 1614 2091 οἱ
1645 2049 1684 2091 δὲ
1716 2051 1783 2092 οὐκ

411 2144 580 2175 emortus.

470 2206 679 2250 Convenit
725 2206 870 2263 Phot.‚
919 2220 971 2250 ex
1019 2220 1105 2263 quo
1159 2206 1328 2262 corrige
1371 2207 1524 2254 εἰκότως
1566 2231 1629 2238 -
1668 2206 1783 2249 idem

412 2286 560 2328 vitium
591 2286 725 2329 habet
757 2285 912 2329 Suidas
944 2311 1005 2318 —
1034 2286 1079 2328 in
1110 2285 1343 2331 ἀπεικότως.
1382 2285 1435 2328 cf.
1467 2285 1693 2328 Ruhnken.
1726 2284 1782 2327 ad

412 2365 575 2409 Timaei
606 2365 687 2409 lex.
719 2365 924 2409 Schmidt.
957 2364 1091 2410 refert
1121 2365 1175 2422 gl.
1213 2365 1268 2408 ad
1302 2365 1631 2421 Diogenianum.

471 2445 573 2488 ibid.
605 2445 671 2488 X:
706 2445 795 2487 605
827 2446 863 2487 A
895 2445 1243 2498 άντίστροφον·
1276 2445 1363 2487 ἀντὶ
1398 2449 1465 2488 τοῦ
1498 2444 1737 2498 ἰσόστροφον.

474 2524 589 2567 Suid.
623 2528 668 2567 et
698 2524 830 2567 Bekk.
864 2529 970 2567 sext.
1003 2524 1084 2567 lex.
1115 2524 1294 2581 408,25.
1327 2525 1453 2567 idem.

472 2603 573 2648 ibid.
607 2604 694 2648 606
726 2604 765 2647 D
795 2603 1088 2657 βωμολοχία
1117 2602 1201 2647 ἐστὶ
1234 2603 1458 2658 προσεδρείοι
1486 2620 1544 2652 τις
1579 2603 1662 2655 περὶ
1693 2603 1782 2651 τοὺς

412 2685 572 2733 βωμοὺς
605 2685 697 2736 ὑπὲρ
728 2689 796 2726 τοῦ
829 2701 866 2726 τι
894 2685 1005 2737 παρὰ
1032 2689 1105 2726 τῶν
1133 2684 1293 2726 θυόντων
1320 2684 1479 2735 λαβεῖν.
1508 2688 1783 2737 μεταφορικῶς

413 2764 451 2805 δὲ
495 2765 561 2806 καί
605 2767 626 2813 ἡ
671 2765 957 2815 παραπλησίως
994 2765 1124 2818 ταύτῃ
1158 2765 1354 2817 ὠφελείας
1387 2762 1500 2807 ἕνεκά
1535 2780 1633 2811 τινος
1666 2775 1783 2806 κολα-
