2057 3375
1045 284 1103 325 32

384 428 530 465 tamen
572 424 667 465 looo
711 423 794 478 (Vz
829 424 874 478 9)
920 424 1089 466 omisso.
1153 424 1216 465 De
1248 424 1324 474 iis,
1358 437 1470 477 quae
1501 424 1545 464 in
1581 423 1759 465 Scholio

382 501 549 545 uncinis
581 501 761 554 inclusi,
792 501 910 545 infra
944 501 1115 545 dicendi
1147 501 1269 545 locus
1302 502 1395 545 erit.

444 580 584 624 Schol.
617 581 834 624 Charmid.
862 581 943 623 161
965 581 1000 623 Ε
1027 582 1336 632 στλεγγίδα·
1368 581 1568 633 στλεγγὶς
1587 580 1757 631 ξύστροι·

381 661 425 702 τὸ
459 661 589 701 πάλαι
627 660 665 702 δὲ
699 661 720 707 ἡ
755 664 824 702 τοῦ
856 660 1044 709 κοιλοὲμου
1076 660 1177 711 κόμη
1213 662 1325 712 παρὰ
1357 661 1565 708 Λοὲκωσιν,
1602 658 1625 712 ᾗ
1656 661 1758 701 οἷπε-

379 740 592 791 μοέσσοντο.
640 739 963 791 στλεγγίσμοιτοι
1014 740 1053 782 δὲ
1100 740 1154 783 τοὶ
1202 739 1501 794 περιξύσματοι.
1544 740 1677 792 κυρίως
1719 739 1758 782 δὲ

380 818 603 870 καλάμιναι
651 818 827 871 ξύστροιι.
876 819 894 860 o‘
937 819 975 860 δὲ
1019 819 1273 869 Θυατειρηνὸς
1315 820 1543 870 στλεγγίδα
1583 820 1654 870 μὲν
1688 820 1757 867 την

380 899 576 952 ξύστροιν,
611 900 849 950 στλοιγγίδα
883 899 922 941 δὲ
955 900 999 941 τὸ
1033 903 1204 951 χρυσοῦν
1235 899 1460 954 στεφάνιον.

443 978 645 1022 Glossam
678 992 701 1021 e
735 977 1001 1034 Diogeniano
1030 977 1271 1021 desumtam
1295 992 1389 1022 esse
1412 981 1537 1033 putat
1559 978 1749 1021 Schmid-

378 1058 465 1101 tius
498 1056 671 1108 Quaest.
705 1056 804 1100 Hes.
837 1071 904 1112 pg.
937 1069 1074 1107 xom,
1108 1070 1235 1112 quem
1268 1071 1439 1112 sequor.
1471 1056 1666 1101 Naberus
1698 1056 1755 1100 ad

380 1136 502 1179 Phot.
536 1151 569 1179 V.
601 1136 800 1186 στλεγγίς
832 1136 885 1178 de
919 1136 1064 1190 glossa
1095 1136 1319 1179 Platonica
1352 1137 1541 1190 cogitare
1564 1136 1750 1184 videtur,

379 1216 528 1270 itaque
560 1229 583 1256 e
616 1215 770 1257 Boethi
803 1214 948 1257 libello
981 1213 1168 1260 fluxisse.
1207 1215 1447 1271 Hesychius
1481 1214 1587 1256 nihil
1620 1214 1753 1257 habet

379 1295 462 1337 nisi
494 1294 765 1345 στλεγγίς·
799 1293 963 1347 ξύστροι.
997 1295 1349 1346 στλέγγισμοι·
1387 1295 1404 1336 o‘
1434 1294 1516 1336 οέπὸ
1547 1298 1621 1336 τῶν
1652 1295 1753 1335 οέπο-

378 1374 592 1425 ξυσμοὲτων
636 1374 783 1425 γλοιός.
827 1378 870 1417 et
908 1374 1083 1423 πλαινίς
1133 1374 1358 1429 (Schmidt.
1411 1371 1660 1427 evaoeyyt'g)‘
1708 1373 1751 1416 τὸ

377 1462 448 1505 τῆς
493 1456 652 1508 νύμφης
700 1459 868 1507 χρυσοῦν
905 1455 1090 1503 διάδημα.
1154 1455 1235 1505 Qui
1277 1456 1321 1497 in
1364 1455 1535 1498 Scholio
1579 1456 1597 1497 ὅ
1641 1462 1751 1497 Θυοι-

377 1535 544 1588 τειρηνός
579 1534 737 1578 dicitur
769 1533 988 1577 Nicander
1019 1537 1096 1577 est.

438 1614 576 1657 Schol.
610 1614 717 1671 Rep.
749 1613 880 1655 VIII:
914 1613 1001 1655 553
1031 1613 1064 1655 C
1091 1612 1377 1663 στρεπτούς·
1407 1611 1542 1664 ὅρμους
1569 1613 1653 1664 περὶ
1678 1613 1745 1654 τὸν

374 1694 577 1748 τράχηλον
620 1693 642 1743 ἢ
684 1693 760 1740 τὰς
802 1697 964 1746 χεῖρας,
1006 1689 1068 1740 οὓς
1109 1692 1176 1735 καὶ
1208 1691 1429 1745 στεφάνους
1461 1695 1599 1747 χειρῶν
1631 1692 1743 1743 λέγει

368 1773 457 1816 ’Ίων
488 1775 526 1815 ἐν
559 1777 745 1824 Φρουροῖς.

437 1851 694 1909 Hesychius:
723 1850 956 1905 στρεπτοί
969 1865 977 1875 ·
1005 1848 1125 1903 ὅρμοι.
1159 1850 1213 1892 τὰ
1241 1849 1323 1904 περὶ
1348 1849 1422 1898 τοὶς
1445 1854 1585 1903 χεῖρκς
1607 1850 1746 1903 ψέλια.

496 1931 597 1974 ibid.
722 1931 810 1973 566
847 1930 883 1972 E
920 1931 1086 1981 μέλλει·
1121 1930 1257 1978 ἔοικεν,
1291 1930 1502 1984 φαίνεται,
1538 1929 1663 1977 δοκεῖ,
1698 1931 1747 1975 ὡς

373 2017 451 2055 νῦν.
485 2012 597 2063 παρὰ
630 2011 669 2052 δὲ
702 2015 905 2061 Σοφοκλεῖ
933 2011 971 2052 ἐν
1003 2010 1187 2062 Τρωΐλῳ,
1222 2009 1341 2059 μένει.

432 2089 762 2145 Lexicographo
804 2088 972 2131 librarii
1016 2102 1138 2131 error
1180 2093 1359 2131 MENEI
1404 2101 1484 2142 pro
1527 2093 1747 2130 ΜΕΛΛΕΙ

372 2170 490 2226 apud
515 2170 771 2224 Sophoclem
793 2169 1050 2224 imposuisse
1072 2169 1252 2211 videtur.
1292 2167 1552 2223 Hesychius:
1578 2167 1744 2217 μέλλει·

371 2250 582 2304 φαείνεται,
618 2248 737 2298 ἔοικε,
773 2248 886 2291 δοκεῖ.
921 2247 943 2298 ἢ
976 2248 1095 2299 μένει.

433 2328 574 2371 Schol.
603 2327 778 2383 Aloyon.
816 2328 901 2369 110
929 2327 1197 2379 ἀνέφικτον
1224 2326 1405 2369 ἀδύνατοι
1422 2327 1743 2379 καταληφθῆναι.

430 2408 700 2451 Postremum
743 2406 1000 2450 vocabulum
1042 2406 1231 2449 addatur
1263 2406 1381 2461 apud
1413 2405 1597 2461 Hesych.
1629 2405 1674 2447 in
1706 2420 1743 2447 v,

432 2486 571 2529 Schol.
617 2486 745 2529 Erux.
787 2486 878 2528 400
915 2484 952 2527 Ε
989 2485 1262 2537 Ἐρατοσθένης
1294 2484 1491 2537 σίσυροέν
1521 2489 1621 2537 φησι
1655 2484 1745 2526 στέ-

369 2583 541 2619 γαστρον
583 2565 627 2615 ἐξ
665 2565 823 2617 αἰγείων
855 2565 1058 2616 δερμάτων
1089 2565 1406 2618 τετριχωμένων,
1442 2565 1673 2615 σι’συρνοον
1705 2563 1743 2605 δὲ

369 2645 413 2688 τὸ
445 2647 489 2688 ἐκ
520 2650 595 2688 τῶν
627 2645 768 2687 κωδίων
796 2643 1036 2697 ῥαπτόμενον
1064 2644 1323 2696 οὶμπεχόνιον,
1348 2642 1382 2700 [ὃ
1404 2643 1570 2693 γούννοιν
1586 2642 1741 2698 φασιν]

430 2724 598 2768 Collato
643 2723 859 2780 Hesychio
903 2738 934 2766 s.
968 2738 1029 2765 vv.
1073 2723 1212 2775 σισύρα
1251 2727 1294 2765 et
1323 2724 1495 2775 σίσυρνον
1528 2721 1646 2765 haud
1679 2725 1741 2765 te-
