<?xml version="1.0" encoding="UTF-8"?>
<!DOCTYPE html PUBLIC "-//W3C//DTD XHTML 1.0 Transitional//EN"
    "http://www.w3.org/TR/xhtml1/DTD/xhtml1-transitional.dtd">
<html xmlns="http://www.w3.org/1999/xhtml" xml:lang="en" lang="en">
 <head>
  <title>
</title>
<meta http-equiv="Content-Type" content="text/html;charset=utf-8" />
  <meta name='ocr-system' content='tesseract 3.04.00' />
  <meta name='ocr-capabilities' content='ocr_page ocr_carea ocr_par ocr_line ocrx_word'/>
</head>
<body>
  <div class='ocr_page' id='page_1' title='image "4738097_0085.png"; bbox 0 0 2057 3375; ppageno 0'>
   <div class='ocr_carea' id='block_1_1' title="bbox 1054 319 1110 362">
    <p class='ocr_par' dir='ltr' id='par_1_1' title="bbox 1054 319 1110 362">
     <span class='ocr_line' id='line_1_1' title="bbox 1054 319 1110 362; baseline 0.018 -1"><span class='ocrx_word' id='word_1_1' title='bbox 1054 319 1110 362; x_wconf 87' lang='lat'>68</span> 
     </span>
    </p>
   </div>
   <div class='ocr_carea' id='block_1_2' title="bbox 390 459 1766 2731">
    <p class='ocr_par' dir='ltr' id='par_1_2' title="bbox 390 459 1766 1624">
     <span class='ocr_line' id='line_1_2' title="bbox 393 459 1764 516; baseline -0.001 -13"><span class='ocrx_word' id='word_1_2' title='bbox 393 474 580 503; x_wconf 89' lang='lat' dir='ltr'>causam.</span> <span class='ocrx_word' id='word_1_3' title='bbox 613 460 680 503; x_wconf 89' lang='lat' dir='ltr'>Ex</span> <span class='ocrx_word' id='word_1_4' title='bbox 712 460 927 516; x_wconf 82' lang='lat' dir='ltr'>Pamphili</span> <span class='ocrx_word' id='word_1_5' title='bbox 960 461 1074 503; x_wconf 91' lang='lat' dir='ltr'>enim</span> <span class='ocrx_word' id='word_1_6' title='bbox 1106 461 1311 503; x_wconf 90' lang='lat' dir='ltr'>thesauro</span> <span class='ocrx_word' id='word_1_7' title='bbox 1341 459 1570 502; x_wconf 84' lang='lat' dir='ltr'><strong>Suetonius</strong></span> <span class='ocrx_word' id='word_1_8' title='bbox 1593 473 1764 515; x_wconf 91' lang='lat' dir='ltr'>quoque</span> 
     </span>
     <span class='ocr_line' id='line_1_3' title="bbox 391 538 1765 595; baseline 0 -13"><span class='ocrx_word' id='word_1_9' title='bbox 391 540 671 595; x_wconf 87' lang='lat' dir='ltr'>Tranquillus</span> <span class='ocrx_word' id='word_1_10' title='bbox 724 540 868 583; x_wconf 86' lang='lat' dir='ltr'>hausit</span> <span class='ocrx_word' id='word_1_11' title='bbox 919 540 964 582; x_wconf 91' lang='lat' dir='ltr'>in</span> <span class='ocrx_word' id='word_1_12' title='bbox 1012 540 1319 595; x_wconf 81' lang='lat' dir='ltr'>componendis</span> <span class='ocrx_word' id='word_1_13' title='bbox 1368 538 1536 582; x_wconf 89' lang='lat' dir='ltr'>duobus</span> <span class='ocrx_word' id='word_1_14' title='bbox 1583 538 1765 594; x_wconf 85' lang='lat' dir='ltr'>libellis,</span> 
     </span>
     <span class='ocr_line' id='line_1_4' title="bbox 393 618 1765 674; baseline -0.001 -11"><span class='ocrx_word' id='word_1_15' title='bbox 393 619 530 663; x_wconf 85' lang='lat' dir='ltr'>altero</span> <span class='ocrx_word' id='word_1_16' title='bbox 573 619 657 673; x_wconf 76' lang='grc' dir='ltr'>περὶ</span> <span class='ocrx_word' id='word_1_17' title='bbox 701 619 1000 673; x_wconf 72' lang='grc' dir='ltr'>βλασφημιῶν,</span> <span class='ocrx_word' id='word_1_18' title='bbox 1045 620 1182 664; x_wconf 78' lang='lat' dir='ltr'>altero</span> <span class='ocrx_word' id='word_1_19' title='bbox 1225 620 1308 674; x_wconf 80' lang='grc' dir='ltr'>περὶ</span> <span class='ocrx_word' id='word_1_20' title='bbox 1353 624 1427 663; x_wconf 81' lang='grc' dir='ltr'>τῶν</span> <span class='ocrx_word' id='word_1_21' title='bbox 1471 620 1565 673; x_wconf 75' lang='grc' dir='ltr'>παρ’</span> <span class='ocrx_word' id='word_1_22' title='bbox 1593 618 1765 669; x_wconf 76' lang='grc' dir='ltr'><em>Ἕλλησι</em></span> 
     </span>
     <span class='ocr_line' id='line_1_5' title="bbox 392 699 1766 754; baseline -0.001 -13"><span class='ocrx_word' id='word_1_23' title='bbox 392 700 551 741; x_wconf 70' lang='grc' dir='ltr'>παιδιῶν</span> <span class='ocrx_word' id='word_1_24' title='bbox 592 700 813 754; x_wconf 89' lang='lat' dir='ltr'>inscripto.</span> <span class='ocrx_word' id='word_1_25' title='bbox 877 700 944 741; x_wconf 84' lang='lat' dir='ltr'>Ex</span> <span class='ocrx_word' id='word_1_26' title='bbox 987 704 1171 754; x_wconf 92' lang='lat' dir='ltr'>utroque</span> <span class='ocrx_word' id='word_1_27' title='bbox 1215 700 1362 742; x_wconf 93' lang='lat' dir='ltr'>libello</span> <span class='ocrx_word' id='word_1_28' title='bbox 1401 699 1506 742; x_wconf 89' lang='lat' dir='ltr'>satis</span> <span class='ocrx_word' id='word_1_29' title='bbox 1537 700 1661 754; x_wconf 86' lang='lat' dir='ltr'>larga</span> <span class='ocrx_word' id='word_1_30' title='bbox 1693 713 1766 741; x_wconf 90' lang='lat' dir='ltr'>ex-</span> 
     </span>
     <span class='ocr_line' id='line_1_6' title="bbox 393 778 1764 835; baseline -0.001 -14"><span class='ocrx_word' id='word_1_31' title='bbox 393 782 542 834; x_wconf 86' lang='lat' dir='ltr'>cerpta</span> <span class='ocrx_word' id='word_1_32' title='bbox 594 783 825 834; x_wconf 85' lang='lat' dir='ltr'><strong>supersunt</strong></span> <span class='ocrx_word' id='word_1_33' title='bbox 878 779 993 835; x_wconf 88' lang='lat' dir='ltr'>apud</span> <span class='ocrx_word' id='word_1_34' title='bbox 1043 778 1320 823; x_wconf 90' lang='lat' dir='ltr'>Eustathium</span> <span class='ocrx_word' id='word_1_35' title='bbox 1368 779 1413 822; x_wconf 91' lang='lat' dir='ltr'>in</span> <span class='ocrx_word' id='word_1_36' title='bbox 1462 778 1764 834; x_wconf 71' lang='grc' dir='ltr'>Παρεκβολαῖς,</span> 
     </span>
     <span class='ocr_line' id='line_1_7' title="bbox 392 857 1764 912; baseline 0.001 -13"><span class='ocrx_word' id='word_1_37' title='bbox 392 871 503 912; x_wconf 85' lang='lat' dir='ltr'>quae</span> <span class='ocrx_word' id='word_1_38' title='bbox 538 858 593 900; x_wconf 90' lang='lat' dir='ltr'>ad</span> <span class='ocrx_word' id='word_1_39' title='bbox 627 858 801 900; x_wconf 91' lang='lat' dir='ltr'>verbum</span> <span class='ocrx_word' id='word_1_40' title='bbox 835 858 924 902; x_wconf 86' lang='lat' dir='ltr'>fere</span> <span class='ocrx_word' id='word_1_41' title='bbox 958 873 1054 901; x_wconf 92' lang='lat' dir='ltr'>cum</span> <span class='ocrx_word' id='word_1_42' title='bbox 1084 858 1258 902; x_wconf 82' lang='lat' dir='ltr'>scholiis</span> <span class='ocrx_word' id='word_1_43' title='bbox 1293 860 1348 901; x_wconf 89' lang='lat' dir='ltr'>ad</span> <span class='ocrx_word' id='word_1_44' title='bbox 1383 858 1559 902; x_wconf 89' lang='lat' dir='ltr'>Theaet.</span> <span class='ocrx_word' id='word_1_45' title='bbox 1597 858 1681 900; x_wconf 89' lang='lat'>146</span> <span class='ocrx_word' id='word_1_46' title='bbox 1706 857 1764 907; x_wconf 85' lang='lat' dir='ltr'>A,</span> 
     </span>
     <span class='ocr_line' id='line_1_8' title="bbox 391 936 1764 993; baseline 0.001 -14"><span class='ocrx_word' id='word_1_47' title='bbox 391 936 535 992; x_wconf 84' lang='lat' dir='ltr'>Lysid.</span> <span class='ocrx_word' id='word_1_48' title='bbox 569 937 656 980; x_wconf 80' lang='lat'>206</span> <span class='ocrx_word' id='word_1_49' title='bbox 690 937 744 986; x_wconf 91' lang='grc' dir='ltr'>Ε,</span> <span class='ocrx_word' id='word_1_50' title='bbox 776 937 904 993; x_wconf 86' lang='lat' dir='ltr'>Gorg.</span> <span class='ocrx_word' id='word_1_51' title='bbox 937 938 1023 981; x_wconf 84' lang='lat'>497</span> <span class='ocrx_word' id='word_1_52' title='bbox 1050 938 1108 989; x_wconf 90' lang='lat' dir='ltr'>A,</span> <span class='ocrx_word' id='word_1_53' title='bbox 1141 938 1269 993; x_wconf 88' lang='lat' dir='ltr'>Legg.</span> <span class='ocrx_word' id='word_1_54' title='bbox 1302 937 1408 980; x_wconf 90' lang='lat' dir='ltr'>VII:</span> <span class='ocrx_word' id='word_1_55' title='bbox 1443 937 1531 981; x_wconf 87' lang='grc'>820</span> <span class='ocrx_word' id='word_1_56' title='bbox 1553 937 1586 981; x_wconf 89' lang='lat' dir='ltr'>C</span> <span class='ocrx_word' id='word_1_57' title='bbox 1610 951 1764 980; x_wconf 86' lang='lat' dir='ltr'>conve-</span> 
     </span>
     <span class='ocr_line' id='line_1_9' title="bbox 390 1015 1766 1072; baseline 0 -14"><span class='ocrx_word' id='word_1_58' title='bbox 390 1016 526 1060; x_wconf 88' lang='lat' dir='ltr'>niunt.</span> <span class='ocrx_word' id='word_1_59' title='bbox 569 1016 662 1059; x_wconf 87' lang='lat' dir='ltr'>Iam</span> <span class='ocrx_word' id='word_1_60' title='bbox 685 1017 921 1072; x_wconf 87' lang='lat' dir='ltr'>quaeritur,</span> <span class='ocrx_word' id='word_1_61' title='bbox 953 1017 1067 1060; x_wconf 87' lang='lat' dir='ltr'>unde</span> <span class='ocrx_word' id='word_1_62' title='bbox 1101 1017 1182 1059; x_wconf 88' lang='lat' dir='ltr'>hae</span> <span class='ocrx_word' id='word_1_63' title='bbox 1218 1017 1388 1072; x_wconf 84' lang='lat' dir='ltr'>glossae</span> <span class='ocrx_word' id='word_1_64' title='bbox 1421 1015 1646 1068; x_wconf 84' lang='lat' dir='ltr'>fluxerint3</span> <span class='ocrx_word' id='word_1_65' title='bbox 1680 1016 1766 1059; x_wconf 92' lang='lat' dir='ltr'>dis-</span> 
     </span>
     <span class='ocr_line' id='line_1_10' title="bbox 392 1095 1764 1151; baseline 0.001 -15"><span class='ocrx_word' id='word_1_66' title='bbox 392 1095 584 1137; x_wconf 88' lang='lat' dir='ltr'>sentiunt</span> <span class='ocrx_word' id='word_1_67' title='bbox 621 1096 699 1138; x_wconf 86' lang='lat' dir='ltr'>viri</span> <span class='ocrx_word' id='word_1_68' title='bbox 737 1097 875 1147; x_wconf 84' lang='lat' dir='ltr'>docti3</span> <span class='ocrx_word' id='word_1_69' title='bbox 913 1100 1044 1151; x_wconf 88' lang='lat' dir='ltr'>atque</span> <span class='ocrx_word' id='word_1_70' title='bbox 1088 1097 1185 1150; x_wconf 82' lang='lat' dir='ltr'>ipsa</span> <span class='ocrx_word' id='word_1_71' title='bbox 1228 1096 1336 1138; x_wconf 88' lang='lat' dir='ltr'>haec</span> <span class='ocrx_word' id='word_1_72' title='bbox 1383 1095 1593 1138; x_wconf 86' lang='lat' dir='ltr'>dissensio</span> <span class='ocrx_word' id='word_1_73' title='bbox 1636 1095 1764 1146; x_wconf 85' lang='lat' dir='ltr'>fecit,</span> 
     </span>
     <span class='ocr_line' id='line_1_11' title="bbox 390 1173 1763 1231; baseline 0.001 -15"><span class='ocrx_word' id='word_1_74' title='bbox 390 1177 440 1216; x_wconf 92' lang='lat' dir='ltr'>ut</span> <span class='ocrx_word' id='word_1_75' title='bbox 480 1174 594 1217; x_wconf 88' lang='lat' dir='ltr'>inter</span> <span class='ocrx_word' id='word_1_76' title='bbox 634 1189 709 1218; x_wconf 87' lang='lat' dir='ltr'>eas</span> <span class='ocrx_word' id='word_1_77' title='bbox 749 1174 915 1231; x_wconf 84' lang='lat' dir='ltr'>glossas</span> <span class='ocrx_word' id='word_1_78' title='bbox 958 1173 1121 1218; x_wconf 88' lang='lat' dir='ltr'>referre</span> <span class='ocrx_word' id='word_1_79' title='bbox 1164 1188 1296 1218; x_wconf 87' lang='lat' dir='ltr'>ausus</span> <span class='ocrx_word' id='word_1_80' title='bbox 1335 1174 1438 1230; x_wconf 86' lang='lat' dir='ltr'>sim,</span> <span class='ocrx_word' id='word_1_81' title='bbox 1472 1188 1583 1230; x_wconf 88' lang='lat' dir='ltr'>quae</span> <span class='ocrx_word' id='word_1_82' title='bbox 1616 1173 1763 1217; x_wconf 89' lang='lat' dir='ltr'>verisi-</span> 
     </span>
     <span class='ocr_line' id='line_1_12' title="bbox 391 1251 1765 1308; baseline -0.001 -14"><span class='ocrx_word' id='word_1_83' title='bbox 391 1252 551 1294; x_wconf 82' lang='lat' dir='ltr'>militer</span> <span class='ocrx_word' id='word_1_84' title='bbox 598 1267 621 1295; x_wconf 89' lang='lat' dir='ltr'>e</span> <span class='ocrx_word' id='word_1_85' title='bbox 669 1253 826 1296; x_wconf 83' lang='lat' dir='ltr'>Boethi</span> <span class='ocrx_word' id='word_1_86' title='bbox 872 1253 1022 1296; x_wconf 84' lang='lat' dir='ltr'>lexicis</span> <span class='ocrx_word' id='word_1_87' title='bbox 1071 1254 1234 1308; x_wconf 90' lang='lat' dir='ltr'>petitae</span> <span class='ocrx_word' id='word_1_88' title='bbox 1283 1257 1405 1304; x_wconf 80' lang='lat' dir='ltr'>sunt3</span> <span class='ocrx_word' id='word_1_89' title='bbox 1458 1266 1603 1294; x_wconf 87' lang='lat' dir='ltr'>verum</span> <span class='ocrx_word' id='word_1_90' title='bbox 1659 1251 1765 1293; x_wconf 90' lang='lat' dir='ltr'>nihil</span> 
     </span>
     <span class='ocr_line' id='line_1_13' title="bbox 391 1331 1764 1387; baseline -0.001 -13"><span class='ocrx_word' id='word_1_91' title='bbox 391 1331 560 1375; x_wconf 86' lang='lat' dir='ltr'>affirmo</span> <span class='ocrx_word' id='word_1_92' title='bbox 604 1336 648 1375; x_wconf 90' lang='lat' dir='ltr'>et</span> <span class='ocrx_word' id='word_1_93' title='bbox 683 1332 890 1375; x_wconf 89' lang='lat' dir='ltr'>iudicium</span> <span class='ocrx_word' id='word_1_94' title='bbox 933 1346 1065 1387; x_wconf 88' lang='lat' dir='ltr'>penes</span> <span class='ocrx_word' id='word_1_95' title='bbox 1110 1345 1324 1387; x_wconf 90' lang='lat' dir='ltr'>quemque</span> <span class='ocrx_word' id='word_1_96' title='bbox 1369 1331 1450 1382; x_wconf 78' lang='lat' dir='ltr'>sit3</span> <span class='ocrx_word' id='word_1_97' title='bbox 1482 1345 1622 1386; x_wconf 88' lang='lat' dir='ltr'>neque</span> <span class='ocrx_word' id='word_1_98' title='bbox 1656 1331 1764 1373; x_wconf 87' lang='lat' dir='ltr'>adeo</span> 
     </span>
     <span class='ocr_line' id='line_1_14' title="bbox 391 1409 1761 1465; baseline -0.001 -13"><span class='ocrx_word' id='word_1_99' title='bbox 391 1410 571 1453; x_wconf 90' lang='lat' dir='ltr'>multum</span> <span class='ocrx_word' id='word_1_100' title='bbox 617 1410 750 1454; x_wconf 84' lang='lat' dir='ltr'>refert</span> <span class='ocrx_word' id='word_1_101' title='bbox 792 1411 924 1462; x_wconf 89' lang='lat' dir='ltr'>scire,</span> <span class='ocrx_word' id='word_1_102' title='bbox 966 1424 1045 1465; x_wconf 87' lang='lat' dir='ltr'>per</span> <span class='ocrx_word' id='word_1_103' title='bbox 1082 1424 1192 1465; x_wconf 92' lang='lat' dir='ltr'>quos</span> <span class='ocrx_word' id='word_1_104' title='bbox 1224 1410 1382 1453; x_wconf 86' lang='lat' dir='ltr'>rivulos</span> <span class='ocrx_word' id='word_1_105' title='bbox 1416 1409 1561 1465; x_wconf 82' lang='lat' dir='ltr'>glossa</span> <span class='ocrx_word' id='word_1_106' title='bbox 1594 1409 1649 1452; x_wconf 88' lang='lat' dir='ltr'>ad</span> <span class='ocrx_word' id='word_1_107' title='bbox 1682 1423 1761 1451; x_wconf 89' lang='lat' dir='ltr'>nos</span> 
     </span>
     <span class='ocr_line' id='line_1_15' title="bbox 392 1487 1760 1545; baseline -0.001 -13"><span class='ocrx_word' id='word_1_108' title='bbox 392 1490 661 1545; x_wconf 87' lang='lat' dir='ltr'>pervenerit,</span> <span class='ocrx_word' id='word_1_109' title='bbox 696 1504 791 1532; x_wconf 85' lang='lat' dir='ltr'>cum</span> <span class='ocrx_word' id='word_1_110' title='bbox 825 1489 879 1532; x_wconf 90' lang='lat' dir='ltr'>de</span> <span class='ocrx_word' id='word_1_111' title='bbox 912 1489 1118 1545; x_wconf 88' lang='lat' dir='ltr'>primario</span> <span class='ocrx_word' id='word_1_112' title='bbox 1141 1488 1284 1541; x_wconf 87' lang='lat' dir='ltr'>fonte,</span> <span class='ocrx_word' id='word_1_113' title='bbox 1307 1488 1560 1544; x_wconf 92' lang='lat' dir='ltr'>Pamphilo,</span> <span class='ocrx_word' id='word_1_114' title='bbox 1584 1487 1760 1530; x_wconf 86' lang='lat' dir='ltr'>dubium</span> 
     </span>
     <span class='ocr_line' id='line_1_16' title="bbox 394 1569 792 1624; baseline 0 -13"><span class='ocrx_word' id='word_1_115' title='bbox 394 1582 491 1612; x_wconf 89' lang='lat' dir='ltr'>esse</span> <span class='ocrx_word' id='word_1_116' title='bbox 523 1583 609 1611; x_wconf 92' lang='lat' dir='ltr'>non</span> <span class='ocrx_word' id='word_1_117' title='bbox 642 1569 792 1624; x_wconf 88' lang='lat' dir='ltr'>possit.</span> 
     </span>
    </p>

    <p class='ocr_par' dir='ltr' id='par_1_3' title="bbox 390 1646 1764 2653">
     <span class='ocr_line' id='line_1_17' title="bbox 454 1646 1762 1703; baseline -0.002 -13"><span class='ocrx_word' id='word_1_118' title='bbox 454 1647 650 1690; x_wconf 90' lang='lat' dir='ltr'>Vidimus</span> <span class='ocrx_word' id='word_1_119' title='bbox 689 1661 822 1703; x_wconf 90' lang='lat' dir='ltr'>supra</span> <span class='ocrx_word' id='word_1_120' title='bbox 853 1647 1064 1690; x_wconf 91' lang='lat' dir='ltr'>Boetbum</span> <span class='ocrx_word' id='word_1_121' title='bbox 1098 1647 1183 1690; x_wconf 90' lang='lat' dir='ltr'>duo</span> <span class='ocrx_word' id='word_1_122' title='bbox 1216 1647 1356 1690; x_wconf 87' lang='lat' dir='ltr'>lexica</span> <span class='ocrx_word' id='word_1_123' title='bbox 1388 1646 1612 1689; x_wconf 89' lang='lat' dir='ltr'>Platonica</span> <span class='ocrx_word' id='word_1_124' title='bbox 1645 1660 1762 1689; x_wconf 92' lang='lat' dir='ltr'>com-</span> 
     </span>
     <span class='ocr_line' id='line_1_18' title="bbox 392 1725 1764 1783; baseline -0.001 -13"><span class='ocrx_word' id='word_1_125' title='bbox 392 1727 600 1783; x_wconf 89' lang='lat' dir='ltr'>posuisse.</span> <span class='ocrx_word' id='word_1_126' title='bbox 632 1727 746 1770; x_wconf 91' lang='lat' dir='ltr'>Fieri</span> <span class='ocrx_word' id='word_1_127' title='bbox 779 1742 863 1770; x_wconf 92' lang='lat' dir='ltr'>non</span> <span class='ocrx_word' id='word_1_128' title='bbox 896 1732 1065 1782; x_wconf 87' lang='lat' dir='ltr'>potest,</span> <span class='ocrx_word' id='word_1_129' title='bbox 1088 1732 1136 1770; x_wconf 91' lang='lat' dir='ltr'>ut</span> <span class='ocrx_word' id='word_1_130' title='bbox 1158 1731 1398 1770; x_wconf 83' lang='lat' dir='ltr'>statuamus</span> <span class='ocrx_word' id='word_1_131' title='bbox 1423 1741 1477 1769; x_wconf 86' lang='lat' dir='ltr'>ex</span> <span class='ocrx_word' id='word_1_132' title='bbox 1500 1730 1596 1768; x_wconf 87' lang='lat' dir='ltr'>utro</span> <span class='ocrx_word' id='word_1_133' title='bbox 1619 1725 1764 1768; x_wconf 93' lang='lat' dir='ltr'>libello</span> 
     </span>
     <span class='ocr_line' id='line_1_19' title="bbox 392 1804 1764 1861; baseline -0.001 -13"><span class='ocrx_word' id='word_1_134' title='bbox 392 1820 591 1861; x_wconf 84' lang='lat' dir='ltr'>quaeque</span> <span class='ocrx_word' id='word_1_135' title='bbox 622 1806 769 1861; x_wconf 89' lang='lat' dir='ltr'>glossa</span> <span class='ocrx_word' id='word_1_136' title='bbox 801 1807 1002 1849; x_wconf 87' lang='lat' dir='ltr'>desumta</span> <span class='ocrx_word' id='word_1_137' title='bbox 1035 1806 1101 1849; x_wconf 90' lang='lat' dir='ltr'>sit.</span> <span class='ocrx_word' id='word_1_138' title='bbox 1144 1805 1197 1849; x_wconf 90' lang='lat' dir='ltr'>cf.</span> <span class='ocrx_word' id='word_1_139' title='bbox 1229 1805 1391 1848; x_wconf 87' lang='lat' dir='ltr'>Naber.</span> <span class='ocrx_word' id='word_1_140' title='bbox 1414 1805 1580 1860; x_wconf 89' lang='lat' dir='ltr'>Proleg.</span> <span class='ocrx_word' id='word_1_141' title='bbox 1604 1819 1670 1860; x_wconf 82' lang='lat' dir='ltr'>pg.</span> <span class='ocrx_word' id='word_1_142' title='bbox 1694 1804 1764 1848; x_wconf 87' lang='lat'>55.</span> 
     </span>
     <span class='ocr_line' id='line_1_20' title="bbox 392 1884 1764 1941; baseline -0.001 -12"><span class='ocrx_word' id='word_1_143' title='bbox 392 1887 634 1941; x_wconf 87' lang='lat' dir='ltr'>Utrumque</span> <span class='ocrx_word' id='word_1_144' title='bbox 676 1886 868 1929; x_wconf 92' lang='lat' dir='ltr'>libellum</span> <span class='ocrx_word' id='word_1_145' title='bbox 913 1885 1166 1929; x_wconf 88' lang='lat' dir='ltr'>adhibuisse</span> <span class='ocrx_word' id='word_1_146' title='bbox 1208 1886 1409 1929; x_wconf 91' lang='lat' dir='ltr'>Photium</span> <span class='ocrx_word' id='word_1_147' title='bbox 1453 1884 1764 1929; x_wconf 83' lang='lat' dir='ltr'>demonstravit</span> 
     </span>
     <span class='ocr_line' id='line_1_21' title="bbox 392 1964 1764 2022; baseline -0.001 -14"><span class='ocrx_word' id='word_1_148' title='bbox 392 1965 591 2008; x_wconf 89' lang='lat' dir='ltr'>Naberus</span> <span class='ocrx_word' id='word_1_149' title='bbox 614 1970 764 2022; x_wconf 91' lang='lat' dir='ltr'>patere</span> <span class='ocrx_word' id='word_1_150' title='bbox 781 1980 805 2009; x_wconf 88' lang='lat' dir='ltr'>e</span> <span class='ocrx_word' id='word_1_151' title='bbox 820 1966 974 2021; x_wconf 88' lang='lat' dir='ltr'>glossis</span> <span class='ocrx_word' id='word_1_152' title='bbox 992 1965 1235 2021; x_wconf 87' lang='lat' dir='ltr'>duplicibus</span> <span class='ocrx_word' id='word_1_153' title='bbox 1256 1981 1266 2020; x_wconf 82' lang='lat'>3</span> <span class='ocrx_word' id='word_1_154' title='bbox 1289 1964 1574 2008; x_wconf 87' lang='lat' dir='ltr'>Scholiastam</span> <span class='ocrx_word' id='word_1_155' title='bbox 1594 1978 1764 2020; x_wconf 91' lang='lat' dir='ltr'>quoque</span> 
     </span>
     <span class='ocr_line' id='line_1_22' title="bbox 392 2043 1762 2100; baseline -0.001 -14"><span class='ocrx_word' id='word_1_156' title='bbox 392 2049 574 2100; x_wconf 90' lang='lat' dir='ltr'>utroque</span> <span class='ocrx_word' id='word_1_157' title='bbox 606 2045 752 2087; x_wconf 92' lang='lat' dir='ltr'>libello</span> <span class='ocrx_word' id='word_1_158' title='bbox 784 2059 910 2086; x_wconf 91' lang='lat' dir='ltr'>usum</span> <span class='ocrx_word' id='word_1_159' title='bbox 936 2057 1031 2086; x_wconf 90' lang='lat' dir='ltr'>esse</span> <span class='ocrx_word' id='word_1_160' title='bbox 1062 2058 1139 2100; x_wconf 89' lang='lat' dir='ltr'>per</span> <span class='ocrx_word' id='word_1_161' title='bbox 1162 2057 1207 2086; x_wconf 89' lang='lat' dir='ltr'>se</span> <span class='ocrx_word' id='word_1_162' title='bbox 1231 2043 1404 2098; x_wconf 91' lang='lat' dir='ltr'>quidem</span> <span class='ocrx_word' id='word_1_163' title='bbox 1429 2043 1655 2086; x_wconf 86' lang='lat' dir='ltr'>verisimile</span> <span class='ocrx_word' id='word_1_164' title='bbox 1677 2047 1762 2099; x_wconf 86' lang='lat' dir='ltr'>est,</span> 
     </span>
     <span class='ocr_line' id='line_1_23' title="bbox 391 2123 1764 2178; baseline -0.001 -11"><span class='ocrx_word' id='word_1_165' title='bbox 391 2125 564 2167; x_wconf 90' lang='lat' dir='ltr'>minime</span> <span class='ocrx_word' id='word_1_166' title='bbox 607 2128 752 2167; x_wconf 89' lang='lat' dir='ltr'>autem</span> <span class='ocrx_word' id='word_1_167' title='bbox 796 2123 1022 2166; x_wconf 89' lang='lat' dir='ltr'>conficitur</span> <span class='ocrx_word' id='word_1_168' title='bbox 1060 2124 1140 2174; x_wconf 90' lang='lat' dir='ltr'>iis,</span> <span class='ocrx_word' id='word_1_169' title='bbox 1171 2138 1284 2178; x_wconf 88' lang='lat' dir='ltr'>quae</span> <span class='ocrx_word' id='word_1_170' title='bbox 1318 2123 1464 2165; x_wconf 88' lang='lat' dir='ltr'>attulit</span> <span class='ocrx_word' id='word_1_171' title='bbox 1498 2123 1764 2166; x_wconf 88' lang='lat' dir='ltr'>Mettauerus</span> 
     </span>
     <span class='ocr_line' id='line_1_24' title="bbox 390 2200 1762 2259; baseline -0.001 -14"><span class='ocrx_word' id='word_1_172' title='bbox 390 2217 459 2259; x_wconf 90' lang='lat' dir='ltr'>pg.</span> <span class='ocrx_word' id='word_1_173' title='bbox 499 2202 581 2255; x_wconf 85' lang='lat'>91,</span> <span class='ocrx_word' id='word_1_174' title='bbox 626 2215 764 2258; x_wconf 89' lang='lat' dir='ltr'>neque</span> <span class='ocrx_word' id='word_1_175' title='bbox 797 2201 971 2245; x_wconf 91' lang='lat' dir='ltr'>omnino</span> <span class='ocrx_word' id='word_1_176' title='bbox 1005 2201 1298 2245; x_wconf 85' lang='lat' dir='ltr'>demonstrari</span> <span class='ocrx_word' id='word_1_177' title='bbox 1330 2204 1486 2257; x_wconf 87' lang='lat' dir='ltr'>potest.</span> <span class='ocrx_word' id='word_1_178' title='bbox 1541 2200 1762 2244; x_wconf 86' lang='lat' dir='ltr'>Mittamus</span> 
     </span>
     <span class='ocr_line' id='line_1_25' title="bbox 390 2279 1762 2336; baseline -0.001 -13"><span class='ocrx_word' id='word_1_179' title='bbox 390 2282 521 2336; x_wconf 88' lang='lat' dir='ltr'>igitur</span> <span class='ocrx_word' id='word_1_180' title='bbox 553 2282 606 2324; x_wconf 91' lang='lat' dir='ltr'>de</span> <span class='ocrx_word' id='word_1_181' title='bbox 639 2296 691 2324; x_wconf 87' lang='lat' dir='ltr'>ea</span> <span class='ocrx_word' id='word_1_182' title='bbox 724 2295 769 2323; x_wconf 88' lang='lat' dir='ltr'>re</span> <span class='ocrx_word' id='word_1_183' title='bbox 802 2294 1020 2336; x_wconf 84' lang='lat' dir='ltr'>quaerere.</span> <span class='ocrx_word' id='word_1_184' title='bbox 1065 2281 1152 2324; x_wconf 87' lang='lat' dir='ltr'>Cur</span> <span class='ocrx_word' id='word_1_185' title='bbox 1186 2285 1332 2322; x_wconf 86' lang='lat' dir='ltr'>autem</span> <span class='ocrx_word' id='word_1_186' title='bbox 1365 2279 1617 2334; x_wconf 85' lang='lat' dir='ltr'>proverbia,</span> <span class='ocrx_word' id='word_1_187' title='bbox 1651 2294 1762 2334; x_wconf 85' lang='lat' dir='ltr'>quae</span> 
     </span>
     <span class='ocr_line' id='line_1_26' title="bbox 391 2357 1761 2415; baseline -0.001 -11"><span class='ocrx_word' id='word_1_188' title='bbox 391 2375 414 2404; x_wconf 91' lang='lat' dir='ltr'>e</span> <span class='ocrx_word' id='word_1_189' title='bbox 446 2360 602 2404; x_wconf 91' lang='lat' dir='ltr'>Boethi</span> <span class='ocrx_word' id='word_1_190' title='bbox 633 2359 792 2403; x_wconf 90' lang='lat' dir='ltr'>libellis</span> <span class='ocrx_word' id='word_1_191' title='bbox 822 2364 892 2403; x_wconf 88' lang='lat' dir='ltr'>sat</span> <span class='ocrx_word' id='word_1_192' title='bbox 914 2374 1070 2415; x_wconf 89' lang='lat' dir='ltr'>magno</span> <span class='ocrx_word' id='word_1_193' title='bbox 1102 2373 1279 2403; x_wconf 89' lang='lat' dir='ltr'>numero</span> <span class='ocrx_word' id='word_1_194' title='bbox 1311 2358 1357 2403; x_wconf 91' lang='lat' dir='ltr'>in</span> <span class='ocrx_word' id='word_1_195' title='bbox 1391 2357 1565 2402; x_wconf 85' lang='lat' dir='ltr'>Scholia</span> <span class='ocrx_word' id='word_1_196' title='bbox 1586 2357 1761 2402; x_wconf 88' lang='lat' dir='ltr'>fluxisse</span> 
     </span>
     <span class='ocr_line' id='line_1_27' title="bbox 392 2437 1761 2494; baseline -0.001 -11"><span class='ocrx_word' id='word_1_197' title='bbox 392 2440 604 2492; x_wconf 85' lang='lat' dir='ltr'>videntur,</span> <span class='ocrx_word' id='word_1_198' title='bbox 629 2439 866 2492; x_wconf 88' lang='lat' dir='ltr'>omiserim,</span> <span class='ocrx_word' id='word_1_199' title='bbox 889 2453 1024 2494; x_wconf 88' lang='lat' dir='ltr'>supra</span> <span class='ocrx_word' id='word_1_200' title='bbox 1045 2453 1113 2494; x_wconf 88' lang='lat' dir='ltr'>pg.</span> <span class='ocrx_word' id='word_1_201' title='bbox 1137 2439 1166 2481; x_wconf 92' lang='lat'>4</span> <span class='ocrx_word' id='word_1_202' title='bbox 1189 2437 1437 2494; x_wconf 88' lang='lat' dir='ltr'>significavi.</span> <span class='ocrx_word' id='word_1_203' title='bbox 1470 2438 1624 2493; x_wconf 83' lang='lat' dir='ltr'>Itaque</span> <span class='ocrx_word' id='word_1_204' title='bbox 1648 2452 1761 2481; x_wconf 90' lang='lat' dir='ltr'>nunc</span> 
     </span>
     <span class='ocr_line' id='line_1_28' title="bbox 392 2516 1762 2575; baseline -0.001 -13"><span class='ocrx_word' id='word_1_205' title='bbox 392 2524 559 2562; x_wconf 86' lang='lat' dir='ltr'>ceteras</span> <span class='ocrx_word' id='word_1_206' title='bbox 592 2519 784 2575; x_wconf 87' lang='lat' dir='ltr'>glossas,</span> <span class='ocrx_word' id='word_1_207' title='bbox 817 2533 929 2575; x_wconf 91' lang='lat' dir='ltr'>quae</span> <span class='ocrx_word' id='word_1_208' title='bbox 960 2532 1013 2561; x_wconf 86' lang='lat' dir='ltr'>ex</span> <span class='ocrx_word' id='word_1_209' title='bbox 1035 2518 1126 2561; x_wconf 91' lang='lat' dir='ltr'>eius</span> <span class='ocrx_word' id='word_1_210' title='bbox 1150 2517 1306 2561; x_wconf 87' lang='lat' dir='ltr'>libellis</span> <span class='ocrx_word' id='word_1_211' title='bbox 1329 2518 1492 2574; x_wconf 88' lang='lat' dir='ltr'>petitae</span> <span class='ocrx_word' id='word_1_212' title='bbox 1513 2517 1557 2560; x_wconf 89' lang='lat' dir='ltr'>in</span> <span class='ocrx_word' id='word_1_213' title='bbox 1581 2516 1762 2561; x_wconf 88' lang='lat' dir='ltr'>Scholiis</span> 
     </span>
     <span class='ocr_line' id='line_1_29' title="bbox 392 2597 1298 2653; baseline 0 -12"><span class='ocrx_word' id='word_1_214' title='bbox 392 2599 694 2649; x_wconf 87' lang='lat' dir='ltr'>inveniuntur,</span> <span class='ocrx_word' id='word_1_215' title='bbox 729 2598 933 2653; x_wconf 90' lang='lat' dir='ltr'>deinceps</span> <span class='ocrx_word' id='word_1_216' title='bbox 966 2597 1298 2641; x_wconf 84' lang='lat' dir='ltr'>consideremus.</span> 
     </span>
    </p>

    <p class='ocr_par' dir='ltr' id='par_1_4' title="bbox 453 2672 1762 2731">
     <span class='ocr_line' id='line_1_30' title="bbox 453 2672 1762 2731; baseline -0.002 -12"><span class='ocrx_word' id='word_1_217' title='bbox 453 2676 593 2720; x_wconf 89' lang='lat' dir='ltr'>Schol.</span> <span class='ocrx_word' id='word_1_218' title='bbox 612 2677 735 2731; x_wconf 92' lang='lat' dir='ltr'>Apol.</span> <span class='ocrx_word' id='word_1_219' title='bbox 754 2676 871 2720; x_wconf 86' lang='lat' dir='ltr'>Socr.</span> <span class='ocrx_word' id='word_1_220' title='bbox 888 2678 943 2719; x_wconf 75' lang='lat'>25</span> <span class='ocrx_word' id='word_1_221' title='bbox 959 2675 1003 2719; x_wconf 89' lang='lat' dir='ltr'>C.</span> <span class='ocrx_word' id='word_1_222' title='bbox 1020 2674 1047 2718; x_wconf 81' lang='grc' dir='ltr'><strong><em>ὦ</em></strong></span> <span class='ocrx_word' id='word_1_223' title='bbox 1065 2678 1170 2719; x_wconf 67' lang='grc' dir='ltr'><strong><em>τῖεν·</em></strong></span> <span class='ocrx_word' id='word_1_224' title='bbox 1187 2674 1214 2718; x_wconf 80' lang='grc' dir='ltr'><em>ὦ</em></span> <span class='ocrx_word' id='word_1_225' title='bbox 1232 2673 1354 2727; x_wconf 77' lang='grc' dir='ltr'><em>οὗτος,</em></span> <span class='ocrx_word' id='word_1_226' title='bbox 1367 2672 1395 2718; x_wconf 79' lang='grc' dir='ltr'><strong><em>ὦ</em></strong></span> <span class='ocrx_word' id='word_1_227' title='bbox 1411 2675 1558 2729; x_wconf 73' lang='grc' dir='ltr'><em>ἑταῖρε,</em></span> <span class='ocrx_word' id='word_1_228' title='bbox 1575 2672 1602 2717; x_wconf 80' lang='grc' dir='ltr'><em>ὦ</em></span> <span class='ocrx_word' id='word_1_229' title='bbox 1618 2674 1762 2728; x_wconf 73' lang='grc' dir='ltr'><em>τάλαν,</em></span> 
     </span>
    </p>
   </div>
   <div class='ocr_carea' id='block_1_3' title="bbox 393 2753 1761 2808">
    <p class='ocr_par' dir='ltr' id='par_1_5' title="bbox 393 2753 1761 2808">
     <span class='ocr_line' id='line_1_31' title="bbox 393 2753 1761 2808; baseline -0.002 -9"><span class='ocrx_word' id='word_1_230' title='bbox 393 2753 419 2799; x_wconf 74' lang='grc' dir='ltr'><em>ὦ</em></span> <span class='ocrx_word' id='word_1_231' title='bbox 446 2758 562 2808; x_wconf 82' lang='grc' dir='ltr'><em>μέλε·</em></span> <span class='ocrx_word' id='word_1_232' title='bbox 589 2759 725 2798; x_wconf 73' lang='grc' dir='ltr'><em>ταῦτα</em></span> <span class='ocrx_word' id='word_1_233' title='bbox 748 2756 858 2808; x_wconf 67' lang='grc' dir='ltr'>παρὰ</span> <span class='ocrx_word' id='word_1_234' title='bbox 879 2761 959 2802; x_wconf 80' lang='grc' dir='ltr'><em>τοῖς</em></span> <span class='ocrx_word' id='word_1_235' title='bbox 980 2756 1168 2808; x_wconf 82' lang='grc' dir='ltr'><em>νεωτέροις</em></span> <span class='ocrx_word' id='word_1_236' title='bbox 1193 2755 1265 2797; x_wconf 79' lang='grc' dir='ltr'>ὑπὸ</span> <span class='ocrx_word' id='word_1_237' title='bbox 1287 2759 1361 2796; x_wconf 80' lang='grc' dir='ltr'>τῶν</span> <span class='ocrx_word' id='word_1_238' title='bbox 1382 2758 1575 2805; x_wconf 70' lang='grc' dir='ltr'>γυναικῶν</span> <span class='ocrx_word' id='word_1_239' title='bbox 1595 2754 1761 2805; x_wconf 66' lang='grc' dir='ltr'>λέγεται</span> 
     </span>
    </p>
   </div>
  </div>
 </body>
</html>
