2057 3375
951 311 1007 353 37

296 462 542 501 occurrere,
574 463 704 505 quam
737 449 958 506 Boysenus
989 463 1013 492 e
1047 449 1251 506 Dionysio
1284 451 1527 494 desumtam
1558 464 1653 494 esse

296 531 463 577 censet3
507 528 560 569 de
597 528 738 582 prima
773 528 919 581 glossa
950 528 1055 570 nihil
1088 528 1351 571 affirmatum
1381 529 1572 580 invenio,
1605 530 1658 572 de

296 606 487 650 secunda
523 606 581 649 ad
611 607 752 662 ipsam
784 607 1015 650 adnotabo.
1077 607 1201 651 Unde
1233 612 1377 651 autem
1410 607 1657 652 Scholiasta

295 687 532 742 acceperit,
575 686 629 729 de
669 701 722 729 ea
763 700 809 729 re
848 687 994 742 paullo
1037 687 1188 730 melius
1230 686 1415 730 fortasse
1458 688 1653 730 iudicare

294 765 461 823 licebit,
504 765 541 809 si
581 765 701 821 ipsas
742 765 908 822 glossas
952 766 1197 809 accuratius
1231 767 1656 811 consideraverimus

356 843 496 887 Schol.
517 844 646 899 Legg.
670 844 856 887 Xlz920
879 844 916 886 D
943 846 1193 893 διαιτηταί
1219 847 1311 887 εἰσιν
1333 847 1371 887 ἐν
1386 842 1439 892 οἷς
1458 844 1659 894 Ἀθήνησιν

294 924 493 975 εἰσήγοντο
535 924 575 965 αἱ
616 923 802 966 ἰδιωτικαὶ
838 924 962 966 δίκαι·
998 925 1030 966 εἰ
1063 924 1102 966 δέ
1133 941 1233 969 τινες
1265 925 1321 974 μὴ
1354 925 1543 967 ἐπείθοντο
1576 929 1658 972 τοῖς

294 1002 559 1053 διαιτηθεῖσιν,
599 1001 708 1044 αὐτοὶ
751 1002 908 1052 εἰσῆγον
951 1002 1091 1049 αὐτοὺς
1134 1003 1187 1049 εἰς
1230 1002 1274 1044 τὸ
1318 1003 1556 1056 δικαστήριον
1591 1004 1657 1046 καὶ

295 1082 404 1133 παρὰ
435 1082 522 1127 τοὺς
554 1080 757 1127 δικαστάς.
786 1082 954 1130 ἐγίνοντο
987 1082 1025 1123 δὲ
1056 1082 1250 1129 διαιτηταὶ
1275 1081 1423 1127 πάντες
1442 1083 1656 1133 Ἀθηναῖοι,

294 1156 347 1208 οἷς
387 1159 590 1211 ἑξηκοστὸν
622 1157 665 1210 ἦν
696 1160 792 1207 ἔτος.
826 1159 890 1203 τὸν
922 1160 960 1203 δὲ
991 1160 1198 1204 ἀδικοῦντα
1231 1161 1428 1211 διαιτητὴν
1461 1160 1549 1211 ἐξῆν
1584 1161 1656 1203 εἰσ-

294 1240 536 1290 αγγέλλειν·
569 1240 634 1281 καὶ
669 1239 704 1281 εἴ
731 1255 789 1286 τις
821 1240 948 1289 ἑάλω,
985 1239 1131 1290 οέτιμία
1162 1238 1205 1289 ἦν
1237 1241 1280 1281 τὸ
1312 1241 1514 1288 ἐπιτίμιον.

355 1318 437 1362 Pro
468 1320 507 1361 ἐν
538 1314 590 1365 οἷς
623 1318 717 1374 lege
749 1319 802 1366 εἰς
833 1318 910 1366 οὓς.
973 1318 1101 1375 Apud
1134 1318 1310 1362 Suidam
1341 1319 1486 1376 glossa
1518 1320 1653 1363 deest.

354 1397 492 1439 Schol.
526 1397 628 1452 Rep.
664 1397 899 1440 VHI:565
931 1397 964 1441 C
1006 1399 1309 1448 εἰσαγγελία
1352 1399 1434 1440 ἐστὶ
1468 1400 1600 1450 κυρίως
1634 1400 1656 1448 ἦ

295 1477 381 1530 περὶ
424 1481 561 1520 καινῶν
601 1478 666 1520 καὶ
700 1478 889 1529 δημοσίων
920 1477 1173 1528 ἀδικημάτων
1205 1478 1439 1529 εἰσαγομένη
1468 1478 1550 1528 δίκη
1585 1478 1658 1521 ὑπὸ

294 1560 368 1598 τῶν
411 1556 658 1609 πρυτάνεων,
702 1557 785 1609 περὶ
828 1555 877 1599 ὧν
920 1557 1114 1611 διαρῥήδην
1158 1558 1228 1606 μὲν
1270 1558 1371 1599 οὐδὲν
1416 1558 1594 1607 λέγουσιν
1625 1558 1657 1600 οἱ

294 1636 425 1691 νόμοι,
471 1641 720 1688 συγχωροῦσι
766 1637 805 1678 δὲ
854 1638 991 1688 κρίσεις
1038 1639 1259 1687 γίγνεσθαι.
1302 1637 1366 1678 καὶ
1405 1640 1511 1679 τοῦτ’
1553 1638 1658 1679 ἐστὶν

294 1711 365 1755 οἷον
406 1715 450 1756 τὸ
492 1716 530 1756 ἐν
572 1720 662 1761 ταῖς
705 1718 779 1756 τῶν
821 1718 1016 1767 σοφιστῶν
1058 1715 1278 1766 διατριβαῖς
1312 1715 1582 1765 μελετώμενον
1614 1716 1658 1758 τὸ

294 1798 367 1835 τῶν
399 1795 595 1847 ἀγράφων
625 1794 888 1843 ἀδικημάτων.

354 1872 457 1924 Quis
473 1873 535 1915 ita
557 1872 789 1929 disputarit
810 1872 862 1916 de
884 1887 984 1916 voce
1006 1874 1247 1923 εἰσαγγελία
1271 1873 1472 1916 docemur
1494 1873 1652 1917 Lexico

295 1952 507 1996 rhetorico
555 1952 900 2009 cantabrigiensi
946 1954 1180 2008 (recensuit
1226 1952 1274 1996 E.
1322 1952 1370 1998 Ο.
1419 1953 1658 2007 Houtsma,

293 2032 427 2087 Lugd.
461 2032 553 2074 Bat
591 2032 750 2088 1870),
781 2032 855 2074 ubi
886 2033 931 2074 in
964 2048 998 2074 V.
1032 2034 1277 2082 εἰσαγγελία
1309 2033 1452 2075 haec.:
1495 2034 1657 2083 εἰσαγ-

294 2113 462 2163 γελία,
505 2113 614 2154 κατὰ
657 2116 793 2154 καινῶν
828 2113 893 2154 καὶ
926 2112 1122 2166 ἀγράφων
1155 2111 1420 2161 ἀδικημάτων.
1453 2110 1554 2161 αὕτη
1587 2113 1659 2163 μὲν

295 2189 355 2234 οὖν
403 2193 424 2240 ἦ
472 2192 673 2233 Καικιλίου
714 2189 808 2240 δόξα
842 2221 851 2231 .
873 2224 882 2233 .
903 2223 941 2234 ..
978 2191 1175 2238 Καικίλιος
1222 2191 1261 2231 δὲ
1309 2189 1425 2237 οὕτως
1470 2192 1657 2242 ὡρίσατο·

295 2271 538 2322 εἰσαγγελία
569 2269 674 2313 ἐστὶν
705 2268 723 2312 ὃ
756 2271 840 2322 περὶ
872 2273 1010 2312 καινῶν
1044 2269 1297 2320 ἀδικημάτων
1330 2269 1536 2311 δεδώκασιν
1562 2270 1658 2311 ἀπε-

295 2356 446 2402 νεγκεῖν
493 2353 525 2394 οἱ
573 2353 689 2402 νόμοι.
739 2351 821 2392 ἔστι
871 2350 909 2391 δὲ
952 2350 997 2392 τὸ
1043 2349 1312 2401 μελετώμενον
1361 2350 1400 2391 ἐν
1449 2355 1538 2396 ταῖς
1585 2354 1659 2391 τῶν

295 2436 490 2483 σοφιστῶν
521 2431 756 2482 διατριβαῖς.
799 2431 878 2473 Est
903 2430 1034 2485 igitur
1054 2429 1201 2484 glossa
1222 2428 1398 2472 Caecilii
1419 2428 1633 2472 Calactini
1647 2463 1656 2480 ‚

295 2525 406 2567 quae
455 2510 570 2565 apud
617 2509 860 2551 Bekkerum
897 2508 943 2550 in
980 2509 1090 2551 serie
1126 2508 1285 2562 legitur
1322 2508 1377 2550 ad
1414 2507 1659 2550 litterarum

296 2591 488 2634 ordinem
524 2588 801 2637 decurrente,
834 2600 964 2641 quam
997 2586 1151 2629 seriem
1186 2585 1409 2641 Boysenus
1431 2585 1486 2628 l.l.
1508 2600 1576 2640 pg.
1599 2585 1658 2628 56

298 2670 538 2714 Pausaniae
569 2668 741 2712 tribuit:
774 2668 920 2722 itaque
949 2666 1032 2709 hac
1056 2666 1144 2717 via,
1166 2665 1191 2707 i.
1215 2679 1249 2707 e.
1272 2678 1351 2721 per
1372 2664 1633 2707 Pausaniam
1649 2696 1660 2715 ‚

297 2750 343 2792 in
376 2749 547 2793 Scholia
579 2747 803 2790 Platonica
833 2750 877 2788 et
906 2746 952 2788 in
985 2745 1162 2788 Suidam
1193 2744 1416 2800 pervenire
1448 2744 1601 2799 potuit.
