2057 3375
1028 349 1083 391 12

428 487 622 536 προφερής
872 485 1011 529 Schol.
1044 486 1230 542 Euthyd.
1264 488 1347 530 ‘271
1379 488 1426 531 Β.

427 563 619 611 σκαληνός
1043 565 1285 624 Euthyphr.
1323 567 1376 608 12
1406 567 1454 609 D.

424 643 623 694 σκληφρός
1036 645 1224 702 Euthyd.
1256 647 1340 689 271
1370 647 1417 690 Β.

423 725 564 774 στεῖχε
1041 723 1277 780 Hipparch.
1311 726 1398 768 229
1429 725 1477 769 Α.

423 802 605 852 συρφετῷ
1038 802 1213 845 Theaet.
1251 804 1335 845 152
1364 803 1407 846 C.

422 879 677 922 ταλάντατον
1039 880 1200 937 Cratyl.
1234 882 1323 925 395
1350 883 1396 925 E.

423 959 708 1012 τεκμηράμενοι
1036 960 1166 1017 Legg.
1201 961 1328 1005 VIII:
1364 962 1450 1006 849
1480 964 1528 1006 Ε.

421 1039 493 1086 την
527 1037 662 1085 ἄλλως

1038 1039 1213 1083 Theaet.
1253 1042 1338 1083 172
1367 1041 1411 1085 C.

420 1118 564 1171 τρίβων
1046 1118 1243 1177 Sympos.
1278 1121 1365 1164 219
1395 1121 1442 1165 Β.

423 1197 609 1248 ὑπέρδικοι
1040 1200 1200 1244 Phaed.
1232 1201 1290 1243 86
1318 1201 1365 1243 Ε.

423 1277 670 1330 ὑπερήφανος
1113 1314 1134 1332 ,,
1232 1280 1289 1323 96
1318 1280 1366 1323 Α.

420 1356 646 1408 φορμίσκων
1041 1358 1185 1414 Lysid.
1219 1359 1307 1401 206
1334 1358 1383 1401 Ε.

420 1436 583 1488 <Damion
1109 1472 1131 1490 „
1277 1473 1298 1490 „

422 1515 644 1569 Χοιλοὶστροι
1040 1517 1144 1572 Rep.
1176 1516 1262 1559 IV:
1297 1517 1386 1560 430
1413 1517 1462 1559 A.

420 1595 629 1648 χαμεύνιοι
1043 1595 1241 1653 Sympos.
1276 1597 1364 1639 220
1392 1597 1443 1639 D.

423 1674 625 1727 Χόλαιργος
1036 1675 1165 1730 Gorg.
1198 1675 1285 1718 487
1315 1676 1359 1719 C.

419 1754 581 1806 ψοιλῖδοι
1038 1754 1167 1810 Legg.
1199 1755 1308 1798 XII:
1342 1756 1428 1799 947
1460 1756 1509 1798 Ι).

418 1834 564 1882 ψάλιον
1204 1835 1294 1878 III:
1329 1835 1416 1878 692
1446 1836 1495 1878 A.

419 1992 486 2037 Ad
520 1994 599 2036 has
632 1993 800 2049 glossas
834 2008 977 2049 pauca
1009 1994 1226 2049 quaedam
1261 1994 1534 2037 observanda
1566 1999 1676 2037 sunt.
1704 2037 1708 2040 .

419 2072 559 2116 Schol.
578 2072 680 2129 Rep.
699 2072 771 2116 VI:
795 2073 883 2115 488
896 2073 931 2115 E
954 2073 1248 2126 ἀδολέσχην·
1266 2074 1524 2128 μακρολογον,
1546 2075 1737 2128 φλύαρον.

420 2153 579 2195 Glossa
614 2154 769 2196 docere
796 2160 963 2208 potest,
989 2168 1074 2208 quo
1099 2154 1227 2196 modo
1246 2153 1490 2196 Scholiasta
1506 2154 1642 2196 lexico
1662 2169 1738 2196 suo

359 2247 464 2276 usus
505 2234 583 2286 sit,
623 2248 721 2277 nam
760 2234 943 2289 legimus
973 2234 1090 2290 apud
1126 2234 1410 2290 Hesychium:
1444 2234 1735 2286 ἀδολέσχει·

356 2312 550 2367 φλυάρει,
586 2315 842 2366 μακρολογει.
886 2314 937 2357 cf.
969 2315 1022 2370 gl.
1056 2316 1216 2365 ἀραῖος,
1250 2315 1503 2362 οέτάλλοισοι,
1542 2313 1739 2365 διαριθμή-

357 2409 469 2434 σετκι
483 2425 493 2443 ,
529 2394 772 2447 δριμύτητα,
803 2394 1029 2440 ἐντείνοντες
1060 2407 1156 2435 cum
1179 2392 1394 2448 Hesychio
1419 2393 1464 2434 in
1487 2407 1547 2434 vv.
1574 2392 1737 2444 ἆραιίοις,

356 2472 552 2522 drobnan,
587 2472 925 2525 διαριθμουμένην,
960 2472 1099 2525 δριμύ,
1135 2474 1310 2514 ἕντεῖνκι.

417 2551 557 2595 Schol.
601 2551 794 2608 Sympos.
846 2552 931 2594 190
971 2553 1008 2594 D
1053 2550 1384 2604 ἀσκωλιάζειν
1424 2552 1555 2603 κυρίως
1589 2551 1661 2601 μὲν
1695 2551 1738 2592 τὸ

357 2631 422 2674 ἐπὶ
465 2632 555 2678 τοὺς
597 2632 742 2679 ἀσκοὺς
785 2631 978 2674 ἅλλεσθαι
1024 2631 1345 2682 ἀληλιμμένους,
1391 2631 1457 2684 ἐφ’
1496 2627 1557 2677 οὓς
1591 2630 1738 2679 ἐπήδων

356 2712 511 2762 γελοίου
543 2709 680 2753 ἕνεκα·
714 2711 813 2758 τινὲς
847 2711 884 2753 δὲ
918 2710 984 2753 καὶ
1019 2711 1082 2752 ἐπὶ
1118 2714 1191 2752 τῶν
1225 2708 1505 2761 συμπεφυκόσι
1536 2713 1615 2756 τοῖς
1653 2709 1740 2751 σκέ-

354 2801 462 2833 λεσιν
494 2791 743 2839 ἁλλομένων·
791 2791 860 2841 ἤδη
893 2791 931 2833 δὲ
963 2790 1110 2833 τιθέκσι
1144 2790 1211 2833 καὶ
1245 2789 1307 2832 ἐπὶ
1341 2793 1409 2832 τοῦ
1445 2788 1638 2832 ἅλλεσθκι
1673 2791 1738 2832 τὸν
