2057 3375
915 345 970 386 91

320 485 422 528 ibid.
455 484 544 527 IX:
578 484 666 526 853
700 485 737 526 D
778 483 1130 535 κερασβόλους·
1174 484 1252 525 ἀπὸ
1283 485 1517 535 μεταφορᾶς
1549 486 1623 523 τῶν

259 566 296 605 ἐν
341 568 418 610 τοῖς
464 568 591 615 πυροῖς
637 563 701 605 καὶ
743 563 907 615 ὀσπρίοις
948 563 1233 616 συμφυομένων
1277 565 1448 613 σκληρῶν
1481 560 1623 602 κόκκων

257 643 346 690 τοὺς
379 642 637 689 ἀπαιδεύτους
670 641 736 683 καὶ
764 641 935 687 ἀπειθεῖς
961 646 1038 687 τοῖς
1069 640 1194 690 νόμοις
1224 640 1289 681 καὶ
1319 639 1504 690 σκληροὺς
1532 644 1621 683 ταῖς

257 722 433 773 γνώμαις
475 722 608 773 φησιν.
652 718 750 763 οὗτοι
795 718 855 763 οὖν
898 720 930 762 οἱ
975 720 1098 762 κόκκοι·
1143 720 1300 772 σκληροί
1353 720 1389 761 τ’
1436 718 1507 761 εἶσὶ
1556 718 1621 760 καὶ

257 802 452 852 μέλανες,
497 800 759 853 στρογγύλοι,
794 800 1031 849 ἰσομεγέθεις
1064 800 1273 851 κέγχροις,
1309 794 1342 840 οἳ
1373 798 1622 850 συνεψόμενοι

256 886 337 928 τοῖς
378 881 540 930 ὀσπρίοις
583 882 624 923 οὐ
667 882 860 929 τηκονται.
908 878 1071 931 εἴρηνται
1113 879 1152 921 δὲ
1185 878 1302 920 οὕτως
1333 879 1414 919 ἀπὸ
1445 882 1513 919 τοῦ
1555 880 1624 925 την

257 962 514 1013 κατασποραν
542 960 607 1002 καὶ
640 960 683 1002 τὸ
715 959 866 1011 ἄροτρον
898 963 977 1001 τοῖς
1008 960 1139 1011 κέρασι
1170 962 1245 1000 τῶν
1274 958 1374 1008 βοῶν
1396 957 1623 1007 βεβλῆσθαι

256 1041 321 1082 καὶ
354 1040 627 1089 ἀντιτύπτειν,
647 1039 711 1081 κα)
746 1039 808 1081 δια
841 1042 953 1081 τοῦτο
988 1038 1217 1090 κερατβόλα
1251 1038 1451 1087 κληθῆναι.

316 1119 448 1162 Plane
492 1120 647 1161 similia
688 1119 753 1162 vel
785 1120 828 1160 in
861 1119 1015 1161 mendo
1053 1118 1254 1169 photius,
1288 1118 1361 1160 sed
1396 1117 1622 1159 verborum

257 1199 404 1241 ordine
438 1199 628 1254 paullum
661 1199 895 1241 immutato.
948 1198 1151 1240 Mendum
1183 1198 1270 1240 iam
1304 1197 1474 1240 sanavit
1509 1196 1620 1238 Kus-

256 1282 373 1320 terus
407 1277 618 1320 scribens:
650 1279 731 1319 ἀπὸ
762 1282 830 1320 τοῦ
864 1278 972 1319 κατὰ
1004 1279 1074 1325 τὴν
1107 1277 1253 1329 σπορὰν
1286 1277 1351 1317 καὶ
1382 1279 1445 1318 τὸν
1474 1275 1621 1327 ἄροτον.

257 1355 352 1399 Non
395 1356 472 1399 abs
514 1371 561 1398 re
604 1357 685 1400 erit
717 1356 784 1399 hic
817 1357 1085 1408 exscribere,
1119 1369 1232 1411 quae
1264 1355 1468 1410 leguntur
1506 1354 1621 1410 apud

258 1436 484 1492 Didymum
520 1436 676 1478 Milleri
707 1450 776 1491 pg.
810 1436 919 1479 404:
953 1426 1273 1486 κερασβόλον·
1308 1435 1352 1475 τὸ
1379 1434 1622 1484 κερασβόλον

258 1515 340 1557 ἐστὶ
374 1515 444 1564 μὲν
476 1519 550 1557 τῶν
582 1514 699 1565 ἅπαξ
729 1515 928 1567 εἰρημένων
959 1516 1013 1568 τῷ
1044 1515 1249 1565 Πλάτωνι,
1278 1513 1360 1556 ἐστὶ
1390 1513 1429 1555 δὲ
1457 1513 1522 1555 ἐπὶ
1548 1517 1622 1555 τῶν

258 1594 495 1647 σπερμάτων
537 1595 802 1645 ταττόμενον,
843 1599 917 1636 τῶν
958 1594 1047 1636 οὔτε
1092 1595 1328 1647 ἐκφερόντων
1369 1593 1514 1646 καρπὸν
1545 1593 1620 1635 οὔθ’

258 1673 369 1716 ὕδατι
402 1674 467 1715 καὶ
495 1675 582 1726 πυρὶ
609 1675 840 1725 τηκομένων.
873 1679 1023 1717 Ταῦτα
1050 1675 1088 1716 δὲ
1116 1671 1214 1715 εἶναι’
1241 1680 1343 1726 φασι
1373 1675 1427 1715 τα
1455 1674 1527 1715 ὑπὸ
1549 1677 1623 1715 τῶν

257 1755 422 1807 σπορέων
464 1754 573 1796 κατὰ
616 1758 690 1797 τῶν
732 1755 900 1807 κεράτων
944 1755 1164 1805 βληθέντων
1206 1760 1280 1796 τῶν
1311 1753 1430 1804 βοῶν,
1465 1753 1543 1801 ἀφ’
1575 1750 1622 1795 ὧν

258 1833 323 1876 καὶ
355 1834 528 1883 τοῦνομα
559 1835 680 1888 ἔσχε·
714 1835 975 1886 παραδέδοται
1008 1835 1088 1886 γὰρ
1114 1834 1282 1880 τοιοῦτός
1310 1850 1369 1881 τις
1394 1832 1478 1884 περὶ
1496 1820 1624 1875 αὐτῶν

257 1912 395 1962 λόγος,
438 1914 486 1959 ὡς
530 1912 757 1965 ἀτεραμνων
798 1914 913 1956 ὄντων
946 1918 1019 1955 τῶν
1050 1912 1167 1959 οὕτως
1202 1914 1255 1958 εἶς
1288 1914 1357 1960 την
1389 1918 1464 1962 γῆν
1496 1928 1622 1953 κατα-

258 1992 451 2035 πεσόντων
492 1994 741 2045 σπερμοὲτων.
789 1995 892 2041 Τοὺς
935 1992 996 2037 οὖν
1040 1995 1112 2036 ὑπὸ
1161 1993 1419 2039 ἀπαιδευσίας
1452 1993 1623 2038 ἀπειθεῖς

258 2075 336 2119 τοῖς
383 2071 509 2122 νόμοις
556 2072 819 2125 κερασβόλους
866 2072 1145 2126 προσηγόρευε·
1197 2072 1249 2115 διὸ
1295 2072 1363 2114 καί
1402 2076 1522 2125 φησιν
1564 2095 1624 2102 —

259 2152 453 2205 sequitur
484 2151 678 2194 Platonis
709 2153 853 2204 locus,
887 2153 964 2195 sed
997 2153 1150 2195 misere
1183 2157 1424 2207 corruptus.

317 2230 419 2273 ibid.
452 2230 561 2275 XII:
594 2232 682 2275 962
704 2230 738 2274 C
764 2231 1019 2286 τοπάζειν·
1051 2231 1336 2286 στοχάζεσθαι,
1363 2231 1621 2280 ἐνθυμεῖσθαι,

259 2310 446 2363 ὑπονοεῖν,
482 2312 548 2353 καὶ
583 2311 789 2354 ὑποτοπεῖν
820 2311 872 2355 δέ.

318 2389 382 2431 De
413 2388 496 2431 hac
528 2389 674 2445 glossa
704 2390 797 2433 vide
829 2404 962 2445 supra
993 2405 1059 2447 pg.
1094 2392 1162 2433 23.

318 2458 437 2501 Haec
480 2464 603 2509 sunt,
643 2474 755 2515 quae
790 2461 825 2503 si
857 2476 943 2503 non
976 2463 1141 2511 omnia,
1179 2462 1385 2516 pleraque
1416 2465 1563 2503 tamen
1596 2473 1619 2500 e

257 2538 409 2580 Boethi
441 2537 601 2580 libellis
632 2537 806 2581 fluxisse
834 2539 937 2582 mihi
961 2540 1168 2582 videntur.
1204 2540 1312 2581 Nam
1334 2540 1378 2581 in
1403 2538 1618 2581 nonnullis

257 2632 326 2661 res
370 2618 601 2661 admodum
645 2618 776 2661 dubia
814 2623 906 2672 est,
940 2624 986 2662 ut
1018 2635 1150 2675 supra
1180 2635 1248 2675 pg.
1283 2620 1339 2662 68
1373 2618 1619 2674 significavi.

258 2697 409 2753 Neque
442 2712 555 2740 nuno
586 2697 813 2750 haberem,
846 2698 963 2754 quod
994 2699 1093 2742 huic
1126 2699 1258 2755 capiti
1291 2699 1517 2751 adderem,
1539 2698 1620 2742 nisi

258 2777 324 2820 his
357 2778 462 2834 ipsis
485 2777 637 2821 diebus
662 2778 718 2821 ad
741 2778 937 2823 notitiam
960 2793 1099 2822 meam
1120 2780 1382 2838 pervenisset
1404 2794 1618 2825 commen-
