2057 3375
893 352 976 393 105

244 486 354 538 κεία,
387 487 452 530 καὶ
483 487 721 542 βωμολόχος
752 490 771 531 ὁ
804 491 896 531 κατ’
928 490 1050 538 αὐτὴν
1077 489 1336 540 διακείμενος,
1371 490 1393 539 ἢ
1421 491 1439 531 ὂ
1467 489 1603 542 εὐτρα-

245 577 364 615 πελος
394 566 461 609 καὶ
493 567 753 619 γελωτοποιός
768 581 778 590 ·
802 569 901 614 τινὲς
923 568 962 610 δὲ
983 567 1049 610 τὸν
1070 568 1179 619 μετὰ
1200 584 1299 615 τινος
1320 566 1605 620 εὐτραπελείας

243 646 422 698 κόλακα,
455 646 479 697 ἢ
505 646 571 690 τὸν
591 650 808 701 πανοῦργον
828 647 896 689 καὶ
917 646 1178 698 συκοφάντην.
1200 646 1266 689 καὶ
1289 646 1604 697 βωμακεύματα

243 726 310 769 καὶ
340 725 701 779 βωμολοχεύματα
730 727 779 772 ὥς
811 726 1099 778 Ἀπολλόδωρος
1130 726 1149 768 ὅ
1175 730 1396 778 Κυρηναῖος.

305 804 461 848 Suidas
507 820 537 848 s.
569 820 603 848 v.
644 804 931 858 βωμολόχος
961 805 1074 848 idem
1106 804 1195 849 fere
1226 804 1386 855 tradit,
1418 818 1605 860 quocum

243 884 441 927 convenit
471 883 646 927 Bachm.
667 883 749 927 lex.
772 883 824 926 cf.
847 883 949 927 Lex.
971 884 1079 927 rhet.
1101 883 1235 926 Bekk.
1262 882 1404 935 185,7,
1428 882 1606 934 221,12,

243 963 415 1014 222,12.
448 962 550 1007 Hes.
581 978 616 1006 v.
654 963 1036 1015 βωμακεύμασι.

301 1040 402 1085 ibid.
445 1041 533 1085 609
565 1041 602 1084 A
643 1041 887 1095 ἐρυσίβην·
931 1041 1084 1095 θηρίὸιόν
1115 1058 1152 1084 τι
1184 1042 1223 1084 ἐν
1254 1042 1308 1094 τῷ
1340 1040 1434 1093 σίτῳ
1465 1038 1602 1091 γιγνό-

241 1135 375 1172 μενον,
423 1118 442 1163 ὃ
487 1120 723 1170 λυμαίνεται
769 1121 834 1165 τὸν
878 1121 1038 1174 καρπόν.
1081 1121 1180 1168 τινὲς
1222 1121 1261 1163 δὲ
1302 1119 1405 1163 νόσον
1446 1120 1489 1162 ἐκ
1533 1121 1602 1162 τοῦ

243 1199 488 1252 περιέχοντος
521 1200 819 1255 ἐπιγιγνομένην
850 1205 932 1248 τοῖς
959 1201 1200 1255 σπέρμασιν.

302 1279 420 1322 Idem
451 1280 585 1324 habet
617 1280 805 1325 Photius.
836 1264 1021 1338 Hesych.
1064 1266 1290 1334 ἐρυσίβη·
1335 1280 1437 1326 νόσος
1470 1295 1527 1326 τις
1561 1277 1606 1328 ἐξ

243 1357 349 1411 οὶέρος
381 1359 627 1410 ἐπιγινομένη
660 1364 739 1407 τοῖς
770 1365 910 1415 φυτοῖς
942 1360 1008 1403 καὶ
1041 1364 1215 1413 καρποῖς.

303 1436 443 1481 Schol.
475 1438 578 1481 Tim.
606 1439 665 1482 52
690 1440 727 1482 E
761 1439 1031 1482 πλοκάνων·
1064 1439 1267 1492 πλόχανόν
1295 1439 1377 1481 ἐστι
1404 1437 1602 1488 πλέγμα,

241 1512 270 1572 ᾧ
306 1518 323 1561 ο“
356 1522 461 1566 σῖτος
494 1519 734 1573 καθαίρεται.

302 1595 428 1640 Hanc
463 1598 654 1656 'glossam
687 1599 803 1655 apud
835 1598 1034 1642 Photium
1066 1598 1202 1641 solum
1233 1598 1489 1647 invenimus,
1522 1609 1601 1639 nec

244 1690 332 1722 non
363 1690 475 1730 quae
508 1678 723 1731 sequitur,

303 1753 441 1799 Schol.
473 1754 594 1800 Criti.
630 1756 715 1799 115
748 1755 783 1800 B
814 1755 1141 1810 μεταδόρπια·
1175 1755 1390 1799 ε’πίδειπνοι.

305 1834 443 1877 Schol.
477 1835 580 1877 Min.
614 1836 699 1878 321
733 1836 772 1878 D
803 1840 1040 1888 φλαῦρον·
1074 1836 1216 1885 κακόν,
1250 1837 1298 1881 ὡς
1331 1839 1420 1885 νῦν,
1449 1835 1471 1883 ἢ
1497 1838 1603 1886 Φαῦ-

239 1924 331 1970 λον,
365 1914 387 1964 ἢ
419 1919 561 1968 κοῦφον
595 1916 727 1960 κακόν.
760 1916 858 1963 τινὲς
887 1915 926 1958 δὲ
947 1919 1124 1970 φλαῦρον
1146 1915 1218 1967 μὲν
1239 1915 1283 1958 τὸ
1305 1914 1438 1968 μικρὸν
1459 1914 1602 1964 κακόν,

241 1997 397 2047 φαῦλον
430 1994 469 2037 δὲ
500 1995 544 2038 τὸ
577 1995 706 2047 μέγα.
1266 2045 1269 2048 ‚

302 2076 428 2131 Apud
460 2075 583 2118 Phot.
615 2076 773 2131 legitur
803 2079 1042 2128 φλαῦρον·
1068 2076 1090 2125 ἢ
1112 2080 1255 2128 κοῦφον
1277 2075 1408 2117 κακόν.
1431 2075 1602 2127 διαφέρει

241 2153 321 2207 γαρ
352 2158 529 2207 Φλαῦρον
560 2155 626 2197 καὶ
659 2158 840 2207 Φαῦλον·
874 2158 1051 2208 φλαῦρον
1083 2153 1155 2206 μὲν
1188 2152 1266 2207 γάρ
1299 2154 1381 2196 ε’στι
1408 2153 1452 2195 τὸ
1475 2151 1604 2204 μικρὸν

241 2235 382 2284 κακόν,
424 2238 583 2287 φαῦλον
616 2234 654 2276 δὲ
688 2234 733 2276 τὸ
763 2234 899 2287 μέγα,
933 2247 1046 2290 quae
1077 2234 1227 2277 eadem
1260 2232 1503 2276 observatio
1536 2235 1603 2275 est

240 2313 285 2356 in
331 2313 411 2356 lex.
458 2314 657 2366 Bachm.‚
708 2315 791 2363 sed*
829 2314 891 2360 ibi
935 2314 1048 2357 male
1089 2317 1190 2357 ante
1233 2314 1254 2363 ἢ
1298 2317 1440 2366 κοῦφον
1484 2311 1600 2354 κακόν

239 2392 415 2436 additur
446 2397 615 2445 φαῦλον.
678 2392 797 2437 Idem
828 2392 920 2437 fere
952 2397 1084 2450 atque
1116 2392 1238 2436 Phot.
1271 2392 1401 2436 habet
1432 2390 1597 2435 Heren-

239 2472 336 2515 nius
367 2472 502 2515 Philo.
536 2472 588 2516 cf.
624 2472 722 2516 Hes.
1025 2516 1030 2521 ,
1120 2515 1123 2517 ,

302 2551 441 2596 Schol.
480 2551 608 2607 Legg.
640 2553 686 2595 I:
720 2553 810 2596 630
841 2554 877 2596 E
917 2554 1088 2605 κλῆρός
1130 2555 1211 2617 ε’στι
1244 2552 1456 2602 κτημάτων
1488 2553 1600 2594 οὐσία

240 2649 297 2680 τις
332 2633 353 2683 ἦ
387 2633 551 2687 λαχμὸς
585 2633 606 2683 ἢ
633 2633 770 2686 μέτρον
798 2651 835 2676 τι
858 2639 955 2687 γῆς,
979 2631 1057 2677 ὅθεν
1083 2633 1149 2676 καὶ
1178 2636 1382 2685 κληροῦχοι
1406 2632 1436 2682 οἱ
1465 2636 1600 2675 ταῦτα

244 2713 480 2766 κατέχοντες
524 2711 562 2771 [ἢ
606 2714 650 2755 τὸ
692 2718 766 2755 τῶν
808 2714 912 2765 ἱερῶν
952 2713 1093 2764 ἀνδρῶν
1134 2710 1337 2770 σύστημα]
1355 2724 1365 2733 ·
1398 2712 1600 2764 ἐπίκληρος

241 2793 279 2834 δέ
318 2794 420 2835 ἐστιν
454 2794 474 2842 ἡ
508 2793 571 2835 ἐπὶ
607 2795 732 2846 κλήρῳ
763 2796 883 2835 παντὶ
915 2793 1263 2840 καταλελειμμένη
1297 2796 1418 2840 παῖς,
1451 2793 1600 2843 ὀρφανὴ
