2057 3375
890 335 948 378 63

230 473 356 521 τινός·
398 473 558 528 ἆμόργη
601 475 681 527 γὰρ
725 477 747 525 ἦ
790 478 858 518 τοῦ
902 474 1036 518 ἐλαίου
1080 473 1336 525 ὑποστάθμη,
1385 473 1409 517 δ’
1445 475 1550 517 ἔστιν
1581 474 1599 517 ὂ

231 552 397 607 τρυγίας
427 558 471 597 et
500 554 617 610 apud
648 555 789 611 Etym.
821 554 894 598 M:
924 554 1108 606 ἀμόργη·
1142 580 1196 588 --
1229 554 1410 605 σημαίνει
1444 554 1484 597 δὲ
1509 554 1596 605 δύο,

231 633 302 683 τὴν
348 633 602 685 ὑποστάθμην
646 638 714 677 τοῦ
761 634 918 686 ἐλαίου,
973 634 1039 678 καὶ
1089 635 1160 684 τὴν
1206 634 1334 688 τρύγα
1380 638 1448 677 τοῦ
1489 634 1598 679 οἴνου.

232 711 404 756 Fierine
450 713 585 769 igitur
630 717 797 769 potest,
844 718 895 757 ut
940 717 1018 757 aut
1056 714 1297 757 Pausanias
1340 720 1417 756 aut
1431 748 1440 765 ‚
1484 714 1600 769 quod

232 792 379 836 malim
410 793 609 844 credere,
640 793 832 837 Boethus
865 808 1056 837 errorem
1091 793 1386 837 commiserit?
1575 778 1579 781 V

295 870 434 915 Schol.
451 872 628 916 Axioch.
648 873 735 931 368
758 873 795 915 D
812 874 1092 916 ποππυσθεί
1098 887 1140 923 n·
1170 873 1439 924 κολακευθείη,
1463 874 1507 915 ἐκ
1532 889 1601 924 με·

232 955 415 1007 ταιφορᾶς
442 956 517 995 τῶν
544 952 609 995 ἐπὶ
639 958 719 1001 τοῖς
745 951 878 1001 ἵπποις
895 952 1201 1004 ποππυσμάτων
1217 954 1256 996 ἐν
1272 954 1326 1007 τῷ
1342 951 1600 1006 δαμάζεσθαι.

293 1031 420 1087 Apud
461 1032 658 1076 Eustath.
701 1032 862 1085 565,18
905 1033 1087 1088 legitur:
1119 1033 1186 1075 καὶ
1219 1032 1277 1075 ἔτι
1308 1032 1531 1075 κολακεύειν
1562 1050 1600 1075 τι

232 1109 315 1152 ἐστὶ
362 1110 406 1154 τὸ
464 1110 733 1164 ποππύζειν
790 1111 856 1154 καὶ
915 1111 1192 1163 πόππυσμκ
1238 1111 1427 1154 κολακεία
1472 1109 1601 1154 ἵππων

232 1189 493 1240 &zaudo-vm.
538 1190 591 1234 cf.
633 1190 813 1234 Photius
859 1191 907 1233 in
943 1205 1046 1235 voce
1077 1191 1379 1243 παπ-πύσματα.
1449 1190 1600 1235 Utrum

233 1282 286 1312 ex
320 1269 522 1326 Dionysio
556 1269 746 1312 dubium.

296 1347 417 1392 Haec
459 1349 591 1405 igitur
633 1364 656 1392 e
698 1348 879 1392 Scholiis
923 1349 1122 1405 colligere
1164 1348 1308 1404 potui,
1351 1363 1463 1405 quae
1494 1349 1602 1393 veri-

235 1427 373 1470 simile
420 1431 487 1470 est
531 1426 706 1470 fluxisse
755 1441 779 1470 e
826 1427 976 1470 lexicis
1021 1427 1249 1471 rhetoricis
1297 1428 1492 1484 Dionysii
1534 1428 1601 1471 vel

234 1505 488 1549 Pausaniae.
547 1506 645 1549 Non
686 1506 853 1558 omnia,
895 1506 1024 1549 facile
1061 1507 1273 1558 concedo,
1310 1507 1419 1549 adeo
1455 1507 1602 1561 magni

234 1585 438 1627 momenti
479 1589 604 1636 sunt3
646 1598 787 1640 neque
827 1589 973 1628 tamen
1005 1585 1239 1627 minutiora
1269 1585 1497 1641 neglegere
1529 1585 1599 1628 fas

233 1663 338 1707 mihi
380 1677 475 1707 esse
508 1663 637 1720 duxi,
678 1663 795 1707 illius
827 1668 945 1707 recte
978 1663 1081 1707 dicti
1112 1663 1229 1707 haud
1260 1664 1495 1716 immemor,
1532 1663 1596 1716 „si

233 1743 438 1786 minutias
474 1744 736 1799 neglexeris,
776 1743 870 1786 fore
912 1748 960 1786 ut
1006 1758 1061 1786 ne
1092 1749 1185 1786 tum
1217 1744 1389 1799 quidem
1421 1757 1490 1786 res
1521 1743 1602 1786 tibi

234 1824 465 1878 procedat,
487 1823 562 1866 ubi
584 1824 640 1866 ad
662 1822 907 1866 difficiliora
928 1828 973 1866 et
993 1823 1195 1866 abstrusa
1218 1821 1424 1867 veneris.'’
1469 1808 1603 1866 Plura

234 1902 377 1946 dicere
408 1903 451 1945 in
482 1901 568 1945 fine
600 1902 725 1945 huius
758 1902 913 1957 capitis
946 1916 1033 1945 non
1072 1916 1248 1945 necesse
1281 1907 1369 1954 est,
1401 1917 1503 1945 nam
1525 1916 1600 1954 ea,

234 1995 347 2037 quae
375 1981 538 2025 utiliter
559 1981 727 2024 moneri
748 1985 1002 2036 potuerunt,
1024 1981 1148 2024 initio
1170 1981 1415 2024 memoravi.
1446 1981 1601 2036 Itaque

233 2063 488 2115 utrumque,
520 2060 770 2115 Dionysium
803 2063 847 2102 et
877 2059 1164 2116 Pausaniam,
1198 2060 1422 2102 iubeamus
1456 2060 1601 2103 valere

234 2143 278 2181 et
319 2139 539 2181 videamus
570 2139 624 2181 de
657 2138 753 2180 aliis
784 2138 965 2193 glossis,
998 2152 1111 2192 quae
1141 2137 1186 2180 in
1219 2137 1405 2180 Scholiis
1437 2139 1600 2181 insunt.

264 2428 350 2496 DE
382 2449 629 2496 GLOSSIS
661 2448 1025 2494 LEXICORUM
1057 2447 1542 2494 PLATONICORUM

804 2545 1043 2592 BOETHI.
1376 2542 1377 2545 ’

298 2678 435 2723 Venio
482 2691 597 2720 nunc
644 2676 699 2719 ad
745 2676 982 2729 Boethum,
1030 2688 1158 2731 quem
1199 2674 1385 2717 antehac
1428 2675 1601 2730 saepius

234 2759 322 2803 iam
352 2758 580 2802 nominavi.
638 2756 907 2799 Exstiterunt
937 2755 1030 2797 eius
1061 2754 1146 2797 duo
1177 2754 1318 2796 lexica
1348 2753 1599 2805 Platonica,
