2057 3375
904 369 961 410 43

250 504 458 554 affirmat,
504 507 578 548 sed
617 521 713 549 cum
757 508 896 550 altera
936 508 1083 563 glossa
1125 508 1239 562 apud
1283 508 1483 550 Photium
1527 510 1610 549 σῶ·

248 584 303 625 τοὶ
345 587 428 636 σῷοι
460 584 618 636 λέγουσι
650 587 959 636 μονοσυλλοὶβως
990 587 1071 628 ἀπὸ
1105 591 1172 629 τοῦ
1205 589 1289 639 σῷοι
1321 591 1609 637 συναιροῦντες·

248 663 314 705 καὶ
357 664 422 706 τὸν
463 664 557 717 σῷον
597 665 662 706 ux}
708 668 804 707 σῶν·
848 665 914 708 noc)
949 667 1036 718 σῷοι
1072 671 1154 709 σοῖ·
1190 668 1300 719 παρὰ
1332 666 1371 709 δὲ
1405 665 1614 718 Θουκυδίδῃ

249 742 500 794 δισυλλάβως
542 745 653 796 σῷοι,
699 757 828 799 quam
871 745 1064 802 Dionysii
1106 760 1199 789 esse
1241 750 1285 789 et
1327 745 1388 789 sic
1429 748 1614 800 apparet

249 827 292 864 et
324 820 595 866 confirmabit
626 823 879 866 Eustathius
913 824 1024 872 959,
1059 826 1144 867 42:
1176 825 1220 868 τὸ
1253 825 1291 867 δὲ
1332 828 1423 871 σῶς
1456 823 1616 877 εὕρηταί

249 905 352 954 φασι
384 900 450 943 καὶ
482 901 675 951 θηλυκῶς·
709 900 1019 956 Ἀριστοφάνης·

307 980 402 1023 οὕτω
435 981 530 1033 παρ’
562 983 654 1031 ἡμῖν
686 983 708 1031 ἡ
741 983 852 1030 πόλις
884 983 1068 1031 μάλιστα
1101 988 1175 1030 σῶς
1207 983 1256 1026 ἂν
1289 983 1359 1032 εἴη.

248 1060 406 1109 λέγουσι
437 1061 477 1103 δὲ
507 1062 573 1103 ua)
606 1066 660 1104 σοῖ
691 1063 745 1104 τοὶ
778 1067 861 1104 σῶοι
896 1064 928 1105 οἱ
959 1064 1148 1112 παλαιοί,
1182 1064 1275 1114 παρ’
1310 1059 1364 1109 οἷς
1397 1062 1462 1104 καὶ
1499 1065 1553 1104 σῶ
1588 1065 1610 1110 ἡ

248 1141 343 1181 σῶοι.
406 1139 615 1192 Εὐριπίδης
647 1142 685 1184 ἐν
715 1140 941 1196 Ὑψιπύλη·

309 1220 475 1272 εὔφημοι
507 1221 572 1262 uxi
605 1223 660 1262 σᾶ
691 1222 757 1263 nx)
790 1222 1193 1275 κατεσφραγισμένα.

252 1298 535 1351 Ἀριστοφάνης
551 1315 561 1325 ·

311 1381 332 1429 ἡ
366 1378 479 1434 μᾶζα
511 1382 591 1434 γὰρ
622 1383 677 1425 σοῖ
709 1381 775 1425 καὶ
809 1382 864 1426 τὰ
897 1382 991 1436 κρέοι
1023 1384 1086 1437 χώ
1119 1382 1307 1436 κάραβος.

251 1457 379 1505 Αἴλιος
411 1459 450 1500 δὲ
483 1461 675 1507 Διονύσιος
708 1461 822 1502 εἰπών
854 1477 942 1503 τινα
974 1461 1040 1503 nx)
1063 1462 1180 1508 αὐτὸς
1204 1466 1370 1503 τοιαῦτα
1392 1461 1521 1511 λέγει,
1552 1459 1610 1501 ὅτι

249 1538 315 1580 καὶ
355 1543 440 1582 σῶοι
483 1545 546 1581 σοῖ
584 1540 650 1583 καὶ
693 1543 747 1593 σῷ
792 1541 831 1584 δέ
872 1546 971 1593 Φησι
1016 1540 1324 1592 μονοσυλλοὶβως
1365 1542 1396 1584 οἱ
1428 1544 1513 1584 σῶοι
1545 1540 1611 1583 καὶ

249 1618 358 1671 παρὰ
402 1618 623 1672 Θουκυδίδῃ.
641 1619 673 1675 1)
746 1619 859 1663 Hinc
901 1620 1167 1664 Mettauerus
1207 1624 1333 1677 putat
1365 1620 1552 1676 glossam
1585 1634 1612 1662 a

250 1696 492 1741 Scholiasta
522 1712 575 1741 cx
609 1699 705 1754 ipso
737 1700 943 1756 Dionysio
976 1700 1154 1755 petitam
1180 1714 1297 1752 esse3
1322 1699 1438 1755 quod
1463 1713 1613 1754 quam-

248 1791 380 1831 quam
421 1776 514 1820 fieri
557 1779 722 1832 potuit,
755 1793 841 1822 non
872 1782 1019 1821 tamen
1051 1780 1295 1822 necessario
1328 1778 1491 1822 factum
1523 1782 1611 1832 est,

249 1856 351 1910 quia
382 1854 558 1899 Photius
591 1860 667 1899 aut
698 1860 923 1912 utramque
945 1856 1131 1912 glossam
1155 1859 1210 1899 σᾶ
1233 1871 1260 1900 a
1281 1856 1445 1900 Boetho
1469 1859 1613 1911 potest

249 1934 466 1989 accepisse
515 1939 590 1977 aut
631 1936 673 1976 in
718 1936 861 1990 priore
905 1936 1113 1978 nonnulla
1157 1936 1369 1986 omisisse,
1412 1948 1525 1990 quae
1567 1935 1613 1976 in

249 2013 386 2057 altera
418 2014 590 2069 legeret.
638 2014 789 2070 Itaque
822 2015 927 2057 haec
959 2015 1104 2070 glossa
1135 2029 1222 2058 non
1253 2013 1450 2057 conficiet
1471 2014 1611 2070 ipsum

252 2095 441 2150 Dionysii
473 2095 639 2137 lexicon
672 2109 697 2136 a
731 2094 976 2138 Scholiasta
1008 2095 1249 2138 adhibitum
1283 2109 1391 2139 esse.
1450 2094 1611 2137 Similis

247 2174 415 2226 generis
458 2178 557 2215 sunt
598 2173 652 2228 gl.
695 2171 719 2222 ἦ
760 2173 897 2216 Schol.
944 2173 1135 2229 Sympos.
1182 2174 1267 2216 173
1311 2174 1347 2215 A
1390 2179 1433 2216 et
1465 2173 1519 2227 gl.
1560 2172 1612 2226 ᾖσι

249 2250 389 2295 Schol.
433 2250 536 2307 Rep.
580 2251 644 2294 V:
678 2252 764 2295 449
797 2252 858 2305 A,
890 2266 999 2308 quas
1032 2259 1176 2295 utrum
1209 2266 1236 2295 a
1266 2251 1431 2295 Boetho
1465 2266 1520 2294 an
1555 2250 1611 2294 ab

247 2332 342 2386 ipso
378 2331 579 2386 Dionysio
611 2335 832 2374 mutuatus
865 2332 920 2374 sit
952 2331 1194 2374 Scholiasta
1226 2346 1312 2373 non
1345 2331 1481 2386 magis
1510 2345 1612 2373 con-

250 2409 392 2454 stabit.
456 2410 608 2466 Itaque
648 2410 757 2454 alias
800 2414 969 2466 glossas
1011 2411 1057 2454 in
1099 2411 1286 2455 medium
1318 2410 1611 2466 proferamus,

249 2489 383 2539 unde,
424 2489 459 2531 si
501 2487 593 2531 fieri
637 2494 802 2544 potest,
847 2490 944 2545 plus
976 2490 1202 2532 lucremur.
1265 2490 1316 2532 In
1348 2489 1414 2532 his
1446 2490 1609 2545 prima,

247 2581 359 2622 quae
391 2581 468 2610 nos
500 2568 708 2618 advertit,
741 2572 808 2611 est
838 2568 977 2612 Schol.
1011 2569 1114 2624 Rep.
1150 2569 1211 2611 V:
1243 2569 1332 2611 470
1363 2569 1402 2611 D
1443 2569 1612 2617 ἀλιτη-

290 2743 328 2785 1)
361 2742 412 2775 Cf.
444 2742 553 2775 Cobet
585 2743 752 2776 Muemos.
786 2744 835 2776 IX
869 2754 898 2787 p.
932 2743 1007 2777 394.
1042 2744 1074 2777 X
1106 2754 1138 2788 p.
1164 2744 1218 2777 90.
1263 2745 1383 2779 Naber
1407 2745 1543 2793 Proleg.
1567 2747 1611 2781 ad

249 2808 349 2841 phot.
374 2818 429 2852 pg.
454 2806 507 2842 33.
