2057 3375
1117 336 1181 379 84

463 490 599 531 usque
631 476 686 518 ad
719 480 793 517 τῶν
826 479 960 518 κλινῶν
993 479 1061 518 est
1091 476 1206 529 apud
1238 474 1359 517 Phot.
1383 479 1427 517 et
1448 474 1587 518 Schol.
1611 475 1829 530 Aristoph.

457 556 568 598 Ran.
615 556 752 607 1337,
796 556 947 598 eadem
990 554 1146 597 lacuna
1189 560 1290 597 ante
1332 553 1464 597 verba
1495 555 1580 596 καθ’
1614 553 1682 597 ἕνα
1717 553 1829 605 ἑξῆς,

461 648 590 689 quam
634 649 686 677 ex
727 634 951 677 Athenaeo
987 634 1080 676 XV.
1114 635 1204 677 694
1234 634 1279 676 in
1311 634 1425 676 hunc
1457 634 1632 677 modum
1665 634 1831 690 expleri

460 714 593 755 voluit
636 713 982 756 Siebenkeesius:
1026 712 1070 755 τὸ
1104 714 1142 754 δὲ
1177 714 1249 755 ὑπὸ
1282 712 1439 755 πάντων
1471 713 1567 763 μέν,
1604 713 1679 756 οὐδ’
1711 714 1829 763 ὁμοῦ,

459 792 572 835 άλλόι
615 793 700 835 καθ’
742 790 809 834 ἕνα
848 791 950 841 ἑξῆς.
986 791 1211 836 Dobraeus
1244 792 1444 841 coniecit,
1480 792 1594 848 quod
1631 793 1677 836 in
1710 796 1830 836 textu

460 876 536 913 est.
593 871 678 913 Pro
710 872 875 912 σύντονα
908 871 1065 925 legitur
1095 870 1140 912 in
1174 870 1314 913 Schol.
1347 872 1600 913 recensione
1637 871 1830 914 Diibneri

460 950 542 1003 (ed.
588 950 736 1005 Didot)
780 950 842 1006 [οἱ]
887 949 1115 1000 συμπόται,
1165 964 1244 1005 pro
1276 950 1446 992 σύνθεσιν
1484 950 1600 1004 apud
1632 949 1755 993 Phot.
1788 953 1831 993 et

461 1027 602 1070 Schol.
644 1028 773 1070 Arist.
817 1029 928 1070 θέσιν.
995 1027 1114 1078 Quae
1157 1028 1201 1070 in
1246 1028 1348 1071 solis
1401 1027 1582 1070 Scholiis
1630 1027 1832 1083 leguntur

457 1106 558 1149 inde
591 1107 645 1149 ab
678 1107 741 1149 ἐπὶ
775 1106 1020 1157 οἰκημάτων,
1054 1107 1098 1149 in
1131 1106 1183 1149 iis
1222 1112 1340 1156 sunt,
1383 1120 1496 1162 quae
1531 1120 1616 1149 non
1650 1120 1846 1162 prorsus·

458 1185 721 1240 intellegam.

517 1263 621 1307 ibid.
662 1264 753 1306 494
792 1264 828 1306 B
871 1264 1130 1317 χαραδριὸς
1168 1263 1259 1315 ὅρνις
1290 1280 1373 1315 τις,
1409 1262 1448 1311 ὃς
1482 1262 1573 1314 ἅμα
1604 1265 1659 1317 τῷ
1695 1263 1829 1305 ἐσθίειν

458 1344 629 1395 ἐκκρίνει.
677 1343 729 1389 εἷς
777 1341 816 1384 ὃν
861 1342 1199 1395 ἀποβλέψαντες,
1246 1344 1295 1389 ὡς
1337 1343 1478 1393 λόγος,
1520 1341 1554 1384 ὀἱ
1593 1343 1828 1395 ἶκτεριῶντες

456 1424 544 1477 ῥᾷον
575 1423 932 1464 άπαλλάττονται·
966 1421 1045 1464 ὅθεν
1066 1421 1133 1463 καὶ
1156 1421 1435 1474 ἐγκρύπτουσιν
1466 1422 1584 1464 αὐτὸν
1605 1422 1636 1464 οἱ
1658 1422 1828 1474 πιπράσ-

456 1518 611 1548 κοντες,
645 1499 707 1542 ἵνα
739 1501 796 1550 μη
827 1506 967 1552 προῖκα
999 1502 1228 1553 ὠφελῶνται
1259 1502 1291 1542 οἱ
1324 1501 1551 1549 κάμνοντες.

670 1581 740 1622 καί
769 1596 834 1630 μιν
865 1580 1087 1622 καλύπτει·
1119 1584 1202 1631 μῶν
1235 1580 1442 1633 χαραδριὸν
1474 1580 1639 1632 περνάςς

457 1659 505 1707 ὥς
537 1664 658 1713 Φησιν
688 1658 902 1710 Ἱππῶναξ.

520 1738 683 1781 Eadem
717 1738 834 1794 apud
868 1737 1068 1790 Suidam,
1102 1751 1214 1793 quae
1245 1737 1314 1780 vix
1354 1738 1455 1781 licet
1477 1738 1701 1796 dubitare,
1724 1739 1829 1795 quin

458 1818 624 1861 Boetho
665 1818 917 1860 debeantur.
963 1816 1015 1859 cf.
1048 1817 1179 1860 Arist.
1214 1816 1325 1860 Aves
1359 1817 1445 1860 268
1479 1817 1624 1873 ibique
1657 1817 1828 1861 Scholia

458 1900 503 1940 et
534 1911 646 1953 quae
679 1896 903 1940 adnotavit
932 1896 1066 1940 Kock.
1100 1896 1270 1939 Ruhnk.
1303 1897 1359 1940 ad
1392 1896 1497 1940 Tim.
1520 1898 1600 1941 lex.
1621 1898 1664 1940 in
1695 1913 1729 1941 v.
1777 1898 1827 1940 In

456 1976 745 2032 Hipponactis
788 1990 913 2019 versu
958 1974 1026 2030 (fr.
1059 1975 1135 2029 52)
1179 1974 1438 2018 Siebenkees
1469 1976 1514 2018 in
1548 1975 1689 2019 Schol.
1721 1976 1825 2019 edit.

458 2060 502 2098 et
544 2054 714 2097 Ruhnk.
756 2055 801 2096 in
844 2055 989 2096 adnot.
1031 2054 1086 2096 ad
1121 2054 1225 2096 Tim.
1257 2054 1339 2096 lex.
1371 2054 1519 2108 legunt
1551 2059 1714 2109 περνᾷς,
1751 2055 1826 2097 sed

456 2133 527 2177 hic
569 2134 615 2176 in
658 2147 737 2176 sua
782 2132 882 2176 edit.
922 2130 1063 2176 Schol.
1106 2132 1267 2176 rectius
1300 2132 1459 2185 περνάς.
1505 2131 1588 2176 Pro
1627 2132 1827 2176 καλύπτει

456 2214 680 2255 Ruhnken.
725 2213 880 2255 suadet
910 2213 1152 2262 καλύπτεις,
1188 2213 1304 2267 quod
1335 2216 1481 2255 tamen
1514 2226 1594 2255 nec
1627 2227 1826 2256 necessa-

456 2293 567 2335 rium
601 2297 690 2348 est,
724 2306 804 2335 nec
836 2297 1070 2347 receptum.

516 2371 618 2414 ibid.
653 2371 737 2414 497
768 2370 805 2413 A
831 2372 876 2413 τὸ
910 2369 1194 2424 οἰκκίζεσθαι
1227 2370 1270 2412 ἐκ
1302 2370 1484 2421 γυναικὸς
1509 2371 1678 2423 εἰρῆσθαί
1702 2375 1828 2424 Φασιν

455 2453 620 2498 Ἀκκοῦς
658 2450 926 2501 καλουμένης,
961 2449 1005 2500 ἣν
1036 2448 1153 2496 οὕτως
1186 2451 1299 2499 εὐήθη
1330 2450 1534 2501 λέγουσιν,
1566 2451 1616 2497 ὡς
1647 2451 1728 2492 άπὸ
1759 2454 1827 2493 τοῦ

456 2531 565 2572 ἱστοῦ
607 2530 803 2580 θοίμάτιον
846 2529 1108 2581 καθελομένην
1152 2530 1335 2582 ἡμίεργον
1366 2529 1663 2584 αμφιέσασθαι,
1697 2528 1750 2575 εἵς
1783 2547 1827 2572 τε

455 2609 499 2652 τὸ
542 2609 760 2663 κάτοπτρον
796 2608 1029 2660 βλέπουσαν
1061 2609 1153 2661 πρὸς
1183 2610 1253 2658 την
1285 2608 1379 2662 παρ’
1411 2609 1534 2659 αὐτῆς
1565 2608 1743 2665 ἔμφασιν
1774 2610 1827 2657 εἷς

455 2689 554 2731 αὐτὸ
599 2688 834 2739 γιγνομένην
881 2690 930 2734 ὡς
978 2688 1090 2743 ἑτέρα
1119 2693 1375 2740 ’προσλαλεῖν
1417 2689 1587 2739 γυναικί.
1629 2688 1827 2739 μέμνηται

454 2769 605 2818 ταύτης
644 2768 869 2822 “Έρμιππος
911 2768 950 2808 ἐν
993 2767 1162 2816 Ἀθηνᾶς
1209 2772 1345 2818 γοναῖς
1385 2766 1453 2809 καὶ
1490 2766 1653 2821 ”Αμφις
1694 2768 1732 2809 ἐν
1772 2768 1827 2821 τῷ
