2057 3375
904 334 959 375 73

249 471 391 514 bebat.
425 470 477 514 of.
509 471 654 523 Cohn,
689 471 743 514 de
776 471 1067 527 Aristophane
1100 471 1309 528 Byzantio
1343 475 1387 515 et
1408 471 1611 515 Suetonio

249 550 498 605 Tranquillo
546 550 749 593 Eustathi
796 551 1045 593 auctoribus
1088 565 1156 606 pg.
1200 551 1284 593 341
1330 564 1448 605 seqq.
1501 550 1613 592 Hine

250 643 376 671 nemo
423 643 501 684 pro
554 632 669 672 certo
718 627 934 671 affirmare
976 630 1159 684 poterit,
1204 642 1291 684 qua
1331 629 1400 671 via
1430 628 1538 672 haec
1567 629 1612 671 in

251 707 426 751 Scholia
456 706 683 760 fluxerint,
725 712 866 751 utrum
899 721 977 763 per
1007 707 1242 761 Boethum,
1277 721 1388 764 quae
1421 711 1486 751 est
1519 722 1613 751 sen-

248 787 385 829 tentia
433 787 591 830 Naberi
640 788 695 829 ad
739 787 860 830 Phot.
905 802 941 829 v.
983 788 1169 837 Φαινίνδα
1215 787 1277 842 (II
1322 801 1391 842 pg.
1437 787 1539 842 260)
1571 791 1615 829 et

249 866 402 910 Cohnii
445 866 499 910 l.l.
541 881 612 922 pg.
657 866 768 918 356,
790 867 920 916 -361‚
955 880 1008 908 an
1042 880 1094 909 ex
1126 866 1221 921 ipso
1257 865 1450 909 Suetonii
1481 865 1615 917 libro,

250 946 364 1001 quod
397 950 554 1001 putant
593 945 885 997 Mettauerus‚
919 945 971 987 de
1005 944 1198 988 Platonis
1232 944 1497 988 Seholiorum
1521 944 1614 987 fon-

249 1025 365 1068 tibus
409 1040 477 1080 pg.
514 1026 599 1067 119
640 1029 683 1067 et
713 1025 758 1068 C.
790 1025 975 1075 Robert‚
1010 1024 1284 1067 Grieohische
1316 1024 1614 1079 Kinderspiele

251 1104 329 1146 auf
366 1104 529 1155 Vasen,
572 1104 850 1159 Archaeolog.
895 1105 998 1146 Zeit.
1046 1104 1159 1146 1879
1195 1119 1262 1159 pg.
1300 1104 1355 1145 80
1389 1107 1476 1146 not.
1510 1103 1614 1145 Loci

250 1183 418 1226 laudati
459 1188 558 1226 sunt
600 1184 723 1226 Hom.
768 1183 918 1240 Odyss.
952 1184 1213 1235 3:372—6,
1246 1182 1373 1226 Mein.
1407 1183 1522 1227 Com.
1561 1183 1615 1225 ΙΙ.

254 1262 349 1305 150.
382 1262 434 1305 of.
468 1263 623 1305 Naber.
655 1263 712 1311 ad
742 1263 864 1306 Phot.
897 1277 933 1305 v.
967 1262 1043 1310 ὄνος
1078 1263 1214 1315 λύρας.

311 1342 439 1385 Schol
496 1342 685 1399 Sophist.
730 1343 817 1385 220
848 1342 886 1385 A
927 1340 1079 1385 ἄττα·
1120 1345 1233 1385 τοῦτο
1269 1340 1503 1395 φιλούμενον
1543 1341 1615 1392 μὲν

251 1420 338 1465 τινα
375 1422 582 1472 σημαίνει,
617 1422 869 1473 δασυνόμενον
898 1420 943 1465 δὲ
972 1420 1113 1476 ἅτινα,
1146 1423 1195 1469 ὡς
1230 1420 1478 1473 Δημοσθένης
1511 1421 1620 1469 δηλοῖ

252 1503 289 1542 ἐν
321 1502 377 1554 τῷ·
405 1507 476 1549 τῆς
509 1502 857 1553 παραπρεσβείας·
892 1503 909 1543 ὂ
940 1502 979 1543 δὲ
1011 1501 1235 1551 πρεσβεύων
1265 1501 1457 1553 Αἰσχίνης
1486 1501 1612 1542 οὑτοσὶ

250 1581 365 1622 ἐλθὼν
402 1585 483 1628 πῶς
524 1581 595 1630 μὲν
637 1580 704 1623 καὶ
742 1578 851 1623 ἅττα
883 1581 978 1623 ποτὲ
1009 1579 1214 1633 διελέχθης
1249 1580 1366 1622 ἐνίοτε
1399 1579 1438 1621 δὲ
1471 1581 1514 1621 ἐκ
1546 1582 1614 1620 τοῦ

251 1664 430 1712 περιττοῦ
468 1660 738 1712 προστίθεται,
780 1660 829 1706 ὡς
871 1659 910 1701 ἑν
947 1661 1000 1711 τῷ
1046 1658 1198 1712 Χείρωνι
1233 1658 1496 1710 Φερεκράτης·
1533 1663 1613 1703 τοῖς

250 1739 345 1783 δέκα
387 1739 597 1783 ταλάντοις
638 1737 751 1783 ἄλλα
792 1739 1029 1793 προστιθείς,
1064 1739 1165 1794 ἔφη,
1206 1737 1316 1781 ἄττα
1348 1738 1614 1788 πεντήκοντα.

250 1821 353 1863 οὐδὲν
394 1820 474 1873 γαρ
516 1820 695 1869 σημαίνει
739 1820 907 1862 ἐνταῦθα
952 1820 997 1861 τὸ
1038 1818 1162 1862 ἄττα.
1212 1819 1498 1872 Ἀριστοφάνης
1540 1824 1617 1860 Νε-

251 1901 416 1953 Φέλαις·

432 1978 536 2027 ὅστις
568 1979 881 2032 σκαλαθυρμάτι’
912 1979 1022 2022 ἄττα
1055 1980 1176 2030 μικροὶ
1209 1977 1426 2029 μανθάνων.

251 2059 523 2112 Ἐρατοσθένης
556 2059 595 2100 δὲ
626 2062 807 2112 χρονικῶς
840 2059 938 2101 αὑτό
969 2064 1067 2112 φησι
1107 2057 1524 2108 παραλαμβάνεσθαι·

432 2140 550 2181 πυθοῦ
582 2139 746 2191 χελιδὼν
779 2137 908 2187 πηνίκ’
941 2137 1051 2180 ἅττα
1083 2138 1284 2191 φαίνεται.

250 2217 315 2260 καὶ
349 2216 493 2261 πάλιν·

431 2297 578 2346 ὁπηνίκ’
609 2295 696 2339 ἄτθ’
729 2297 839 2349 ὑμεῖς
870 2298 1027 2339 uon-127³
1060 2296 1298 2350 ὀρχούμενοι.

310 2377 430 2419 Haeo
474 2378 684 2420 Boethum
731 2377 928 2420 debuisse
962 2377 1207 2431 Pamphilo,
1242 2376 1518 2431 Pamphilum
1551 2377 1619 2418 Di-

249 2458 399 2514 dymo,
433 2457 506 2513 qui
537 2457 869 2502 Eratosthenem
900 2457 1167 2513 usurpabat,
1205 2470 1291 2500 non
1323 2459 1389 2499 est
1424 2455 1512 2499 veri
1534 2455 1619 2499 dis-

250 2537 398 2580 simile.
448 2536 680 2580 Contracte
714 2536 866 2580 eadem
899 2536 1102 2592 leguntur
1134 2536 1179 2578 in
1212 2540 1338 2579 sexto
1372 2535 1452 2578 lex.
1484 2533 1618 2577 Bekk.

248 2617 352 2669 461,
384 2618 412 2659 5
445 2621 486 2659 et
518 2617 633 2673 apud
668 2616 866 2659 Suidam:
900 2616 1058 2658 ἄττα·
1092 2617 1129 2657 ἐν
1152 2616 1191 2657 δὲ
1216 2617 1270 2668 τῷ
1294 2615 1618 2668 παραπρεσβείας

249 2697 494 2749 Δημοσθένης
538 2697 600 2739 ἐπὶ
637 2701 704 2739 τοῦ
737 2694 811 2738 ὅσα
843 2695 970 2746 ἔλαβε
1006 2696 1075 2743 την
1108 2694 1227 2745 λέξιν.
1262 2698 1336 2737 τῶν
1368 2695 1406 2737 δὲ
1437 2698 1618 2744 κωμικῶν

248 2794 307 2825 τις
353 2778 398 2821 τὸ
444 2777 554 2820 ἄττα
600 2777 663 2818 ἐπὶ
720 2776 879 2830 αριθμοῦ
922 2774 1084 2826 ἔταξεν,
1128 2772 1251 2828 ἕτερος
1294 2773 1332 2817 δὲ
1374 2774 1437 2816 ἐπὶ
1469 2774 1620 2827 χρόνου.
