2057 3375
1019 293 1076 336 36

365 436 565 478 videntur
591 434 763 478 Nabero
786 439 828 478 et
851 434 1087 479 Schmidtio
1100 453 1111 488 ;
1135 439 1291 479 contra
1312 435 1534 492 Boysenus
1556 440 1731 492 praeter

367 514 626 557 Pausaniam
670 514 801 556 etiam
845 514 1009 556 Aelium
1045 514 1297 570 Dionysium
1330 529 1563 570 agnoscere
1594 520 1734 571 putat.

365 592 460 636 Non
493 607 602 649 opus
634 597 722 645 est,
754 597 803 636 ut
834 607 949 636 nunc
983 592 1143 643 dicam,
1179 607 1395 649 quaenam
1426 593 1596 650 glossae
1630 592 1735 637 Dio-

364 673 575 727 geniano,
616 686 728 727 quae
761 672 966 728 Dionysio
999 676 1044 715 et
1074 672 1317 716 Pausaniae
1349 674 1597 716 tribuantur
1607 690 1619 723 3
1654 673 1735 715 hoc

365 765 520 794 moneo
551 751 800 795 iamdudum
834 751 1106 795 observatum
1137 765 1234 795 esse
1253 751 1604 808 lexicographum
1626 751 1735 795 Bek-

365 830 457 873 keri
500 845 628 885 saepe
670 831 862 885 integras
906 830 1147 885 glossarum
1193 831 1326 873 series
1364 845 1386 873 e
1418 831 1590 881 lexicis,
1624 844 1735 885 quae

366 908 629 960 adhibebat,
676 909 1027 963 transcripsisse3
1079 909 1393 964 Diogenianeas
1442 909 1600 953 collato
1648 909 1735 952 He-

365 988 513 1045 sychio
562 987 856 1043 unusquisque
898 986 1016 1030 facili
1058 987 1232 1043 negotio
1274 987 1446 1031 indicet.
1478 987 1542 1032 cf.
1574 987 1731 1032 Naber.

366 1066 534 1121 Proleg.
578 1081 644 1121 pg.
693 1066 778 1108 173
824 1080 919 1121 sqq.
960 1066 1145 1122 Boysen.
1176 1066 1232 1108 1.1.
1264 1081 1333 1121 pg.
1365 1066 1435 1108 45.
1469 1066 1663 1122 Dionysii
1694 1071 1738 1109 et

367 1146 611 1190 Pausaniae
655 1145 789 1189 series
821 1145 1065 1202 complures
1097 1146 1302 1190 indicavit
1333 1145 1399 1189 vel
1431 1146 1622 1189 indicare
1654 1145 1737 1189 sibi

366 1226 484 1269 visus
529 1229 596 1269 est
625 1225 850 1282 Boysenus
883 1240 954 1281 pg.
987 1225 1070 1281 46,
1103 1225 1185 1277 55,
1217 1226 1287 1269 56.
1348 1225 1445 1269 Noli
1477 1229 1623 1268 tamen
1654 1239 1736 1280 pu-

365 1309 461 1349 tare
509 1319 658 1349 omnes
704 1305 872 1362 glossas
919 1310 1045 1349 extra
1093 1304 1227 1348 series
1274 1318 1325 1349 eo
1372 1305 1468 1360 ipso
1510 1318 1598 1348 non
1641 1317 1736 1348 esse

368 1385 645 1441 Diogeniani,
670 1386 888 1441 Dionysii,
911 1385 1176 1436 Pausaniae3
1199 1399 1300 1427 nam
1321 1385 1436 1427 inter
1458 1385 1538 1426 has
1562 1397 1733 1439 quoque

368 1469 490 1517 sunt,
523 1479 637 1520 quae
672 1465 780 1508 satis
812 1464 1095 1520 probabiliter
1122 1465 1178 1508 ad
1201 1479 1275 1508 eos
1298 1464 1553 1507 referantur.
1600 1464 1738 1507 Huius

369 1544 497 1587 lexici
539 1543 744 1586 rhetorici
783 1544 951 1600 glossae
984 1544 1152 1599 aliquot
1183 1544 1314 1586 etiam
1346 1543 1390 1585 in
1425 1542 1606 1586 Scholiis
1639 1542 1739 1585 Pla-

367 1624 523 1667 tonicis
564 1623 777 1679 leguntur.
842 1622 1055 1666 Excitabo
1098 1623 1190 1673 hic,
1233 1637 1344 1678 quae
1387 1627 1523 1677 agunt
1561 1623 1614 1666 de
1646 1624 1738 1665 iure

368 1702 537 1747 Attico:

429 1858 629 1909 διαιτηταί
832 1858 976 1902 Schol.
1015 1858 1144 1915 Legg.
1167 1858 1256 1903 XI:
1275 1859 1364 1903 920
1384 1858 1434 1902 D.
1458 1858 1557 1902 Lex.
1579 1858 1739 1902 rhetor.

1409 1937 1543 1982 Bekk.
1576 1938 1740 1992 235‚2O

430 2018 675 2069 εἰσαγγελία
1002 2018 1106 2073 Rep.
1131 2017 1234 2060 VIII
1252 2036 1262 2059 ε
1280 2018 1369 2061 565
1392 2017 1424 2060 C
1578 2018 1740 2070 244‚14

429 2099 640 2151 ε’πίσκηψις
1007 2097 1136 2153 Legg.
1163 2096 1253 2140 XI:
1271 2098 1357 2140 937
1388 2097 1424 2139 Β
1578 2096 1738 2147 255,27

431 2177 639 2229 §mesala
1058 2210 1080 2228 „
1161 2175 1249 2219 XI:
1268 2177 1353 2219 921
1385 2176 1422 2218 D
1577 2174 1739 2227 255,29

430 2257 571 2301 εὔθυναι
1064 2291 1084 2308 ,,
1150 2255 1259 2299 XII:
1278 2255 1367 2299 945
1388 2255 1424 2298 B
1579 2254 1740 2305 257,15

429 2340 694 2390 κακοτεχνιῶν
1053 2370 1074 2388 ,,
1156 2336 1243 2379 XI:
1262 2336 1350 2379 936
1380 2336 1417 2378 D
1578 2335 1741 2388 268,24

430 2417 638 2469 πρυτάνεις
1058 2450 1078 2467 ,,
1144 2415 1361 2459 ΧΙΙε953
1390 2415 1443 2459 C'
1578 2416 1710 2469 291‚4

431 2575 563 2618 Cuius
594 2574 727 2629 igitur
761 2574 844 2617 hae
876 2574 1048 2630 glossae
1080 2577 1181 2617 sunt
1211 2578 1255 2617 et
1284 2588 1373 2630 qua
1406 2574 1474 2616 via
1494 2573 1539 2615 in
1563 2572 1738 2616 Scholia

371 2657 691 2710 pervenerunt?
725 2653 793 2697 Ad
810 2654 998 2710 priorem
1016 2654 1312 2710 quaestionem
1333 2653 1479 2696 statim
1496 2652 1740 2709 respondeo

372 2735 563 2790 quinque
595 2738 838 2788 postremas
871 2734 914 2775 in
946 2734 1105 2776 Lexico
1137 2734 1351 2776 rhetorico
1385 2732 1520 2776 Bekk.
1553 2733 1597 2774 in
1630 2733 1740 2775 serie
