2057 3375
1052 270 1135 312 110

463 408 581 453 Suid.
615 412 662 452 et
689 412 794 452 sext.
827 408 909 452 lex.
941 408 1075 452 Bekk.
1110 409 1271 461 392‚33
1302 408 1429 453 idem.
1480 408 1683 454 Schmidt.
1714 409 1771 452 ad
1823 412 1827 416 “

403 487 718 546 Diogenianum
760 486 917 539 refert3
951 488 1097 531 nescio
1140 501 1226 544 quo
1268 487 1383 541 iure,
1417 501 1517 531 nam
1551 492 1619 532 est
1652 486 1771 545 apud

403 566 503 609 Hes.
534 566 705 608 ἀνατί·
737 564 831 608 ἄνευ
862 564 963 615 ἄτης
995 566 1063 608 καὶ
1097 566 1280 617 βλάβης.

462 643 566 689 ibid.
607 644 674 688 X:
720 645 807 689 899
853 645 890 688 D
927 644 1104 696 ἥκιστά
1134 660 1208 698 γε·
1240 646 1444 699 οὐδαμῶς,
1477 646 1500 697 ἢ
1531 648 1611 701 οὐχ
1643 643 1770 696 ἦττον.

403 724 593 776 Λιβανιος
629 725 671 768 δέ
700 729 846 779 Φησιν·
879 724 917 768 εἴ
943 741 1033 768 τινα
1064 724 1188 769 ἄλλον
1219 726 1383 780 τρόπον.
1416 725 1457 769 ὃν
1488 726 1632 776 ἥκιστα
1663 727 1771 779 ὤφθη

402 805 599 856 μετελθὼν
630 806 669 848 ἐν
698 805 753 857 τῷ
783 803 860 857 βίῳ
891 804 910 846 ὅ
940 804 1003 846 ἐπὶ
1035 810 1085 858 τῇ
1116 804 1247 860 φιάλῃ
1277 805 1456 859 ἔμπορος.
1489 806 1576 849 οξντὶ
1601 810 1670 849 τοῦ
1693 806 1772 862 (οὐ)

402 884 522 929 πάνυ.

464 963 547 1007 Pro
578 962 687 1016 ὤφθη
721 963 910 1007 correxit
941 962 1142 1007 Naberus
1175 963 1293 1021 apud
1324 963 1446 1008 Phot.
1468 964 1513 1007 in
1539 979 1574 1007 v.
1603 962 1770 1019 „chn‘onl’

403 1043 603 1087 Glossam
641 1041 796 1085 Boethi
839 1055 934 1085 esse
966 1043 1189 1087 contendit
1221 1042 1442 1096 Naberu83
1475 1044 1544 1087 cui
1576 1043 1769 1099 opinioni

403 1123 660 1166 adversatur
711 1121 929 1165 Mettauer
982 1136 1051 1178 pg.
1094 1123 1169 1167 97.
1241 1122 1327 1167 Res
1368 1123 1536 1167 incerta
1579 1128 1648 1167 est
1694 1137 1774 1166 nec

407 1202 553 1258 magni
585 1202 803 1245 momenti.

461 1280 564 1324 ibid.
609 1280 698 1324 XI:
742 1281 831 1324 932
864 1281 900 1323 A
932 1282 1093 1334 κωφή·
1135 1282 1319 1332 ἀσθενής,
1355 1281 1568 1334 ἀμβλεῖα,
1600 1282 1650 1329 ὥς
1684 1285 1770 1332 νῦν,

404 1361 427 1410 ἢ
461 1361 603 1413 buxae.

463 1440 644 1485 Photius
675 1439 803 1484 idem.

464 1520 566 1563 ibid.
598 1519 711 1563 XII:
746 1520 834 1562 942
865 1519 904 1562 A
935 1518 1005 1562 ἐπ’
1038 1519 1314 1575 αὐτοφώρῳ·
1348 1519 1413 1563 ἐπ’
1439 1521 1683 1574 ὀφθαλμοῖς,
1712 1520 1774 1562 ἐπ’

403 1602 511 1653 αὐτῷ
543 1602 598 1653 τῷ
629 1600 839 1651 κλέμματι
872 1599 1008 1647 ἁλούς.

464 1677 624 1721 Glossa
664 1676 732 1721 bis
772 1677 816 1720 in
861 1676 1044 1721 Scholiis
1086 1677 1341 1734 explicatur.
1384 1676 1436 1721 cf.
1477 1675 1618 1721 Schol.
1651 1675 1774 1734 Apol.

404 1757 522 1800 Socr.
564 1758 623 1799 22
655 1757 715 1808 Β,
759 1757 877 1811 quod
921 1771 974 1799 ex
1007 1756 1222 1812 Hesychio
1252 1755 1387 1799 fluxit.
1420 1756 1542 1799 Phot.
1578 1756 1775 1799 convenit

404 1852 502 1881 cum
544 1836 627 1883 hac
668 1836 835 1893 glossa,
881 1850 1013 1893 quam
1057 1835 1254 1880 Naberus
1285 1839 1329 1880 et
1359 1835 1574 1880 Mettauer
1605 1836 1773 1880 Boetho

403 1915 612 1958 tribuunt.

469 1994 610 2038 Schol.
642 1994 841 2049 Epinom.
864 1994 954 2036 974
975 1994 1013 2037 A
1043 1994 1294 2043 παιδικῆς·
1328 1992 1462 2045 οἶμαι,
1486 1995 1643 2045 ἱλαρᾶς.
1664 1992 1710 2044 ἐξ
1729 1992 1775 2036 οὗ

404 2073 472 2117 καὶ
506 2073 780 2124 παιδικώτερον
811 2073 856 2116 τὸ
890 2072 1131 2124 ἱλαρώτερον.

470 2152 609 2208 Apud.
643 2151 766 2195 Phot.
798 2152 1071 2203 παιδικώτερον
1104 2151 1302 2196 similiter
1334 2151 1585 2207 explicatur.

463 2231 566 2274 ibid.
611 2230 701 2273 980
732 2230 769 2273 B
811 2234 1206 2284 προσπαίσαντι·
1247 2230 1557 2285 προσπαίξαντι·
1588 2229 1676 2273 ἀντὶ
1707 2232 1776 2273 τοῦ

405 2310 430 2363 ξ
461 2313 506 2356 τὸ
540 2328 566 2355 ο·
596 2312 628 2355 οἱ
662 2310 851 2355 ’Λττικοί.

467 2391 662 2447 Hesych:
709 2394 911 2433 παῖσαι·
960 2387 978 2433 ὃ
1025 2392 1138 2441 ἡμεῖς
1181 2389 1340 2441 παῖξαι.
1382 2389 1566 2434 Moeris:
1607 2394 1776 2436 παῖσαι,

405 2472 611 2517 Ἀττικῶς.
655 2468 827 2521 παῖξαι,
872 2470 1123 2518 Ἑλληνικῶς.
1170 2468 1234 2513 Cf.
1274 2469 1503 2526 Phrynich.
1544 2460 1691 2524 Eclog.
1731 2468 1777 2511 in

405 2563 442 2591 v.
474 2548 654 2599 παῖξαι
685 2548 833 2603 ibique
864 2547 1144 2591 Nunnesium.

469 2626 610 2671 Schol.
642 2627 751 2684 Epp.
782 2625 892 2671 VII:
926 2626 1015 2670 345
1047 2626 1086 2670 D
1128 2628 1547 2682 ἀναμετρήσαιμι·
1591 2626 1776 2681 διαπερά-

406 2723 534 2759 σαιμι.
