2057 3375
895 315 947 356 71

236 454 300 496 καὶ
334 453 579 501 Δημοσθένης
607 454 645 495 ἑν
671 455 724 504 τῷ
751 454 860 495 κατὰ
888 455 1228 506 Ἀριστοκράτους·
1262 456 1392 496 οὐκοῦν
1425 455 1456 496 εἰ
1474 454 1546 504 μέν
1564 471 1600 495 τι

236 531 401 582 ἐάσομεν
434 531 577 573 τούτων
611 532 854 580 συμβάντων
888 533 1017 586 ὑμᾶς,
1052 535 1093 574 οὐ
1125 535 1302 584 καθαροῖς
1335 534 1428 582 ὁμοῦ
1461 534 1599 586 διατρί-

234 615 375 663 ψομεν.
408 610 490 652 ἔστι
523 611 588 652 καὶ
621 611 804 662 χρονικόν.
868 617 1076 663 Σοφοκλῆς
1116 612 1309 654 Οἰδίποδι·

476 689 588 735 πόλις
623 688 654 730 δ’
686 690 782 739 ὁμοῦ
815 690 886 739 μὲν
918 690 1177 740 θυμιαμάτων
1209 690 1351 740 γέμει,

475 769 568 817 ὁμοῦ
600 768 639 810 δὲ
671 768 846 811 παιάνων
879 786 924 811 τε
956 770 1020 811 καὶ
1055 769 1361 820 στεναγμάτων.

234 847 320 901 ἔχει
351 848 417 890 καὶ
450 847 611 900 δύναμιν
643 849 924 903 συλλεκτικήν,
956 850 1005 895 ὡς
1035 849 1144 901 παρα
1161 849 1370 902 Μενάνδρῳ
1387 850 1424 891 ἐν
1443 848 1571 901 ’Ὑδρίᾳ
1589 864 1597 872 ·

233 928 265 968 οἱ
297 932 447 982 Θρᾷκες
479 927 706 979 Λιβύτρωες
739 932 976 970 καλοῦνται·
1021 929 1157 970 πάντα
1191 932 1253 970 νῦν
1287 929 1354 977 ἤδη
1388 930 1456 970 ’σθ’
1490 929 1597 977 ὁμοῦ.

233 1003 324 1058 ὅπερ
356 1006 466 1055 δηλοῖ
493 1006 537 1048 τὸ
568 1007 606 1048 ἐν
640 1008 692 1059 τῷ
725 1007 847 1059 αὐτῷ.

294 1084 449 1127 Boethi
481 1084 626 1141 glossa
657 1088 733 1128 est.
774 1084 824 1127 cf.
859 1084 1006 1128 Cobet.
1047 1085 1252 1128 Mnemos.
1285 1084 1347 1127 IX
1379 1100 1451 1139 pg.
1484 1085 1599 1135 430,

233 1164 387 1208 Naber.
432 1165 595 1221 Proleg.
638 1180 707 1220 pg.
757 1165 852 1208 108.
901 1164 1085 1220 Propter
1115 1164 1297 1208 formam
1330 1165 1540 1208 Boethum
1573 1180 1599 1207 a

236 1244 461 1299 Pamphilo
496 1249 739 1287 mutuatum
770 1258 865 1287 esse
898 1244 1161 1287 crediderim.
1197 1244 1248 1287 cf.
1281 1259 1414 1299 supra
1436 1259 1504 1299 pg.
1528 1246 1598 1295 673

233 1324 331 1366 vide
385 1324 514 1366 etiam
562 1324 824 1379 Hesychium
873 1328 918 1366 et
964 1323 1351 1379 Harpocrationem
1400 1324 1443 1366 in
1486 1338 1597 1367 voce.

233 1404 347 1447 Fieri
390 1410 534 1447 tamen
578 1407 744 1459 potest,
789 1410 836 1446 ut
869 1404 1083 1459 quaedam
1116 1418 1170 1446 ex
1203 1403 1406 1460 Dionysio
1440 1403 1599 1446 admis-

235 1484 380 1526 cuerit.
426 1483 479 1526 cf.
523 1483 681 1526 Naber.
726 1483 890 1539 Proleg.
925 1498 990 1539 pg.
1026 1484 1104 1535 36,
1148 1483 1346 1525 Eustath.
1389 1484 1443 1525 ad
1476 1483 1598 1525 Iliad.

233 1577 273 1617 p.
316 1563 426 1613 878,
458 1562 561 1604 Lex.
591 1562 699 1604 rhet.
733 1562 864 1605 Bekk.
898 1563 1006 1613 285,
1047 1565 1092 1604 1:
1126 1563 1267 1611 ὁμοῦ·
1313 1565 1354 1605 οὐ
1398 1564 1510 1612 μόνον
1553 1563 1597 1604 τὸ

232 1647 332 1694 κοινῇ
363 1657 401 1684 τι
434 1640 581 1694 πρᾶξαι
592 1674 605 1693 ,
641 1642 752 1684 ἄλλα
785 1641 851 1684 καὶ
883 1641 971 1684 άντὶ
1003 1646 1070 1684 τοῦ
1103 1641 1252 1693 ἕγγυς,
1281 1644 1346 1683 καὶ
1374 1641 1437 1683 ἐπὶ
1460 1641 1596 1695 χρόνου

234 1721 298 1762 καὶ
344 1720 408 1761 ἐπὶ
451 1721 582 1762 τόπου.
633 1720 935 1762 Demosthenis
968 1719 1050 1762 loci
1088 1720 1356 1762 emendatius
1396 1721 1596 1775 leguntur

232 1801 285 1842 de
317 1799 430 1842 falsa
461 1800 586 1854 legat.
621 1801 643 1855 ξ
672 1798 778 1851 251,
802 1799 846 1840 in
869 1799 1055 1854 Aristog.
1089 1799 1109 1841 I
1142 1802 1167 1853 ξ
1201 1799 1277 1848 51,
1311 1799 1356 1841 in
1388 1799 1594 1841 Aristocr.

232 1882 257 1932 ξ
291 1879 360 1921 43.
409 1878 633 1921 Menandri
678 1878 818 1921 locum
862 1878 1072 1921 imitando
1116 1878 1329 1934 expressit
1367 1877 1592 1921 Terentius

231 1958 521 2001 Heautontim.
569 1959 614 2009 1,
652 1959 700 2009 1,
738 1958 814 1999 10:
849 1957 960 1999 Nam
992 1957 1103 2012 proh
1136 1958 1260 1999 deum
1294 1961 1425 2012 atque
1458 1957 1593 1999 homi-

232 2052 332 2079 num
354 2036 498 2088 fidem,
524 2037 625 2092 quid
648 2037 708 2078 vis
731 2035 841 2079 tibi?
864 2037 967 2091 quid
992 2037 1191 2091 quaeris?
1214 2051 1349 2079 annos
1368 2036 1594 2090 sexaginta

230 2120 358 2158 natus
391 2130 459 2167 es,
493 2120 568 2158 aut
600 2116 719 2170 plus,
752 2120 800 2158 ut
833 2116 1007 2158 conicio.
1031 2115 1082 2158 ef.
1106 2115 1232 2158 Mein.
1256 2115 1373 2158 Com.
1398 2115 1468 2158 IV.
1498 2117 1593 2158 110.

230 2195 530 2250 Aristophanis
572 2194 723 2250 fragm.
766 2199 831 2237 est
875 2195 991 2250 apud
1037 2194 1226 2237 Dindorf.
1270 2194 1386 2237 Poet.
1421 2195 1484 2237 Sc.
1518 2194 1590 2237 Gr.

230 2275 382 2330 fragm.
435 2274 536 2324 458.
586 2275 705 2317 Iliad.
755 2280 806 2325 Ψ,
855 2274 913 2315 84
963 2274 1121 2329 legitur
1169 2275 1206 2315 ἐν
1249 2275 1473 2326 ὑμετέροισι.
1524 2274 1591 2315 Ad

229 2353 458 2396 Menandri
495 2353 637 2395 locum
670 2367 722 2395 ex
753 2352 920 2408 Hydria
965 2353 1145 2395 adnotat
1189 2352 1315 2395 Mein.
1360 2351 1475 2396 Com.
1518 2352 1588 2395 IV.

229 2432 344 2475 208:
399 2431 509 2474 Num
553 2430 664 2474 forte
698 2430 992 2474 scribendum:

1030 2511 1062 2551 οἱ
1096 2515 1247 2564 Θρᾷκες
1280 2511 1407 2559 Λιβύ-

409 2607 524 2644 τρωες
556 2594 791 2632 καλοῦνται·
828 2591 964 2631 πάντα
996 2594 1059 2632 νῦν
1094 2590 1161 2639 ἤδη
1195 2591 1264 2631 ’σθ’
1296 2590 1404 2639 ὁμοῦ.

228 2670 397 2714 nomine
430 2669 656 2722 Λιβύτρωες
685 2670 737 2711 de
760 2668 938 2711 consilio
961 2668 1073 2711 inter
1094 2668 1200 2710 duos
1223 2682 1369 2710 versus
1393 2668 1586 2723 partito?

226 2750 309 2795 Sed
349 2750 487 2807 possis
531 2750 663 2792 etiam
705 2748 930 2800 Λιβύτρωες
969 2749 1001 2790 οἱ
1034 2752 1184 2803 Θρᾷκες
1219 2751 1431 2789 maoz-rm
1466 2747 1581 2790 κτὲ.”
