<?xml version="1.0" encoding="UTF-8"?>
<!DOCTYPE html PUBLIC "-//W3C//DTD XHTML 1.0 Transitional//EN"
    "http://www.w3.org/TR/xhtml1/DTD/xhtml1-transitional.dtd">
<html xmlns="http://www.w3.org/1999/xhtml" xml:lang="en" lang="en">
 <head>
  <title>
</title>
<meta http-equiv="Content-Type" content="text/html;charset=utf-8" />
  <meta name='ocr-system' content='tesseract 3.04.00' />
  <meta name='ocr-capabilities' content='ocr_page ocr_carea ocr_par ocr_line ocrx_word'/>
</head>
<body>
  <div class='ocr_page' id='page_1' title='image "4738097_0045.png"; bbox 0 0 2057 3375; ppageno 0'>
   <div class='ocr_carea' id='block_1_1' title="bbox 1010 317 1066 359">
    <p class='ocr_par' dir='ltr' id='par_1_1' title="bbox 1010 317 1066 359">
     <span class='ocr_line' id='line_1_1' title="bbox 1010 317 1066 359; baseline 0.018 -1"><span class='ocrx_word' id='word_1_1' title='bbox 1010 317 1066 359; x_wconf 87' lang='grc'>28</span> 
     </span>
    </p>
   </div>
   <div class='ocr_carea' id='block_1_2' title="bbox 345 456 1720 1227">
    <p class='ocr_par' dir='ltr' id='par_1_2' title="bbox 345 456 1720 744">
     <span class='ocr_line' id='line_1_2' title="bbox 347 456 1719 509; baseline 0.001 -12"><span class='ocrx_word' id='word_1_2' title='bbox 347 456 456 504; x_wconf 75' lang='grc' dir='ltr'><em>μετὰ</em></span> <span class='ocrx_word' id='word_1_3' title='bbox 488 459 679 505; x_wconf 77' lang='grc' dir='ltr'><em>σπασμοῦ</em></span> <span class='ocrx_word' id='word_1_4' title='bbox 710 461 779 505; x_wconf 79' lang='grc' dir='ltr'><em>τῆς</em></span> <span class='ocrx_word' id='word_1_5' title='bbox 812 461 939 509; x_wconf 77' lang='grc' dir='ltr'><em>χολῆς</em></span> <span class='ocrx_word' id='word_1_6' title='bbox 974 456 1151 507; x_wconf 84' lang='grc' dir='ltr'><em>πρόεσις·</em></span> <span class='ocrx_word' id='word_1_7' title='bbox 1186 456 1252 499; x_wconf 75' lang='grc' dir='ltr'>καὶ</span> <span class='ocrx_word' id='word_1_8' title='bbox 1282 458 1304 506; x_wconf 78' lang='grc' dir='ltr'><strong><em>ἦ</em></strong></span> <span class='ocrx_word' id='word_1_9' title='bbox 1330 459 1405 498; x_wconf 79' lang='grc' dir='ltr'>τῶν</span> <span class='ocrx_word' id='word_1_10' title='bbox 1426 456 1566 498; x_wconf 79' lang='grc' dir='ltr'><em>ὀστέων</em></span> <span class='ocrx_word' id='word_1_11' title='bbox 1584 460 1719 509; x_wconf 62' lang='grc' dir='ltr'><em>σῆψις.</em></span> 
     </span>
     <span class='ocr_line' id='line_1_3' title="bbox 348 534 1718 590; baseline 0.001 -13"><span class='ocrx_word' id='word_1_12' title='bbox 348 534 468 585; x_wconf 86' lang='lat' dir='ltr'>Quae</span> <span class='ocrx_word' id='word_1_13' title='bbox 500 535 616 590; x_wconf 89' lang='lat' dir='ltr'>apud</span> <span class='ocrx_word' id='word_1_14' title='bbox 649 535 832 578; x_wconf 91' lang='lat' dir='ltr'>eundem</span> <span class='ocrx_word' id='word_1_15' title='bbox 856 535 957 578; x_wconf 90' lang='lat' dir='ltr'>Hes.</span> <span class='ocrx_word' id='word_1_16' title='bbox 979 535 1206 590; x_wconf 84' lang='lat' dir='ltr'>leguntur:</span> <span class='ocrx_word' id='word_1_17' title='bbox 1230 537 1452 588; x_wconf 74' lang='grc' dir='ltr'><em>σφακελί</em></span> <span class='ocrx_word' id='word_1_18' title='bbox 1460 549 1569 579; x_wconf 83' lang='grc' dir='ltr'><em>σαν·</em></span> <span class='ocrx_word' id='word_1_19' title='bbox 1592 552 1718 579; x_wconf 84' lang='grc' dir='ltr'><em>κακω-</em></span> 
     </span>
     <span class='ocr_line' id='line_1_4' title="bbox 347 612 1720 669; baseline 0.003 -16"><span class='ocrx_word' id='word_1_20' title='bbox 347 612 429 662; x_wconf 84' lang='grc' dir='ltr'>θέν,</span> <span class='ocrx_word' id='word_1_21' title='bbox 463 614 720 666; x_wconf 80' lang='grc' dir='ltr'><em>καταφθαρέν</em></span> <span class='ocrx_word' id='word_1_22' title='bbox 752 614 898 669; x_wconf 85' lang='lat' dir='ltr'>glossa</span> <span class='ocrx_word' id='word_1_23' title='bbox 930 614 1178 665; x_wconf 86' lang='lat' dir='ltr'>Platonica,</span> <span class='ocrx_word' id='word_1_24' title='bbox 1212 620 1408 657; x_wconf 89' lang='lat' dir='ltr'>nostrum</span> <span class='ocrx_word' id='word_1_25' title='bbox 1437 615 1577 657; x_wconf 87' lang='lat' dir='ltr'>locum</span> <span class='ocrx_word' id='word_1_26' title='bbox 1600 629 1720 669; x_wconf 88' lang='lat' dir='ltr'>spec-</span> 
     </span>
     <span class='ocr_line' id='line_1_5' title="bbox 345 692 833 744; baseline 0.002 -10"><span class='ocrx_word' id='word_1_27' title='bbox 345 695 467 744; x_wconf 87' lang='lat' dir='ltr'>tans,</span> <span class='ocrx_word' id='word_1_28' title='bbox 500 706 594 735; x_wconf 88' lang='lat' dir='ltr'>esse</span> <span class='ocrx_word' id='word_1_29' title='bbox 626 692 833 735; x_wconf 88' lang='lat' dir='ltr'>videntur.</span> 
     </span>
    </p>

    <p class='ocr_par' dir='ltr' id='par_1_3' title="bbox 346 770 1719 905">
     <span class='ocr_line' id='line_1_6' title="bbox 410 770 1719 827; baseline 0 -13"><span class='ocrx_word' id='word_1_30' title='bbox 410 770 550 814; x_wconf 90' lang='lat' dir='ltr'>Schol.</span> <span class='ocrx_word' id='word_1_31' title='bbox 584 770 703 815; x_wconf 83' lang='lat' dir='ltr'>Criti.</span> <span class='ocrx_word' id='word_1_32' title='bbox 741 773 821 814; x_wconf 88' lang='lat'>111</span> <span class='ocrx_word' id='word_1_33' title='bbox 848 772 882 814; x_wconf 91' lang='grc' dir='ltr'><strong>Β</strong></span> <span class='ocrx_word' id='word_1_34' title='bbox 915 773 1152 827; x_wconf 79' lang='grc' dir='ltr'><em>φελλεύς·</em></span> <span class='ocrx_word' id='word_1_35' title='bbox 1181 773 1299 820; x_wconf 81' lang='grc' dir='ltr'><em>τόπος</em></span> <span class='ocrx_word' id='word_1_36' title='bbox 1321 775 1483 826; x_wconf 79' lang='grc' dir='ltr'><em>σκληρὸς</em></span> <span class='ocrx_word' id='word_1_37' title='bbox 1508 778 1635 820; x_wconf 80' lang='grc' dir='ltr'><em>ποσῶς</em></span> <span class='ocrx_word' id='word_1_38' title='bbox 1653 775 1719 815; x_wconf 73' lang='grc' dir='ltr'>καὶ</span> 
     </span>
     <span class='ocr_line' id='line_1_7' title="bbox 346 850 1620 905; baseline 0.002 -13"><span class='ocrx_word' id='word_1_39' title='bbox 346 850 562 902; x_wconf 76' lang='grc' dir='ltr'><em>πετρώδης,</em></span> <span class='ocrx_word' id='word_1_40' title='bbox 598 856 784 905; x_wconf 72' lang='grc' dir='ltr'><em>συνεργὴς</em></span> <span class='ocrx_word' id='word_1_41' title='bbox 817 852 869 895; x_wconf 79' lang='grc' dir='ltr'>δέ.</span> <span class='ocrx_word' id='word_1_42' title='bbox 900 853 932 895; x_wconf 84' lang='grc' dir='ltr'>οἱ</span> <span class='ocrx_word' id='word_1_43' title='bbox 965 853 1004 895; x_wconf 79' lang='grc' dir='ltr'>δὲ</span> <span class='ocrx_word' id='word_1_44' title='bbox 1035 852 1100 895; x_wconf 82' lang='grc' dir='ltr'>τὸν</span> <span class='ocrx_word' id='word_1_45' title='bbox 1132 852 1177 903; x_wconf 73' lang='grc' dir='ltr'>ἐξ</span> <span class='ocrx_word' id='word_1_46' title='bbox 1208 854 1402 902; x_wconf 79' lang='grc' dir='ltr'><em>ἐπιπολῆς</em></span> <span class='ocrx_word' id='word_1_47' title='bbox 1434 853 1620 904; x_wconf 75' lang='grc' dir='ltr'><em>πετρώδη.</em></span> 
     </span>
    </p>

    <p class='ocr_par' dir='ltr' id='par_1_4' title="bbox 346 931 1720 1069">
     <span class='ocr_line' id='line_1_8' title="bbox 407 931 1720 988; baseline 0.001 -14"><span class='ocrx_word' id='word_1_48' title='bbox 407 931 556 987; x_wconf 84' lang='lat' dir='ltr'>Usque</span> <span class='ocrx_word' id='word_1_49' title='bbox 598 932 654 975; x_wconf 88' lang='lat' dir='ltr'>ad</span> <span class='ocrx_word' id='word_1_50' title='bbox 698 933 892 985; x_wconf 75' lang='grc' dir='ltr'><em>πετρώδης</em></span> <span class='ocrx_word' id='word_1_51' title='bbox 935 933 1049 976; x_wconf 87' lang='lat' dir='ltr'>idem</span> <span class='ocrx_word' id='word_1_52' title='bbox 1093 933 1209 988; x_wconf 85' lang='lat' dir='ltr'>apud</span> <span class='ocrx_word' id='word_1_53' title='bbox 1240 933 1364 976; x_wconf 84' lang='lat' dir='ltr'>Phot.</span> <span class='ocrx_word' id='word_1_54' title='bbox 1412 932 1497 976; x_wconf 89' lang='lat' dir='ltr'>Pro</span> <span class='ocrx_word' id='word_1_55' title='bbox 1530 934 1720 985; x_wconf 72' lang='grc' dir='ltr'><em>συνεργής</em></span> 
     </span>
     <span class='ocr_line' id='line_1_9' title="bbox 346 1010 1719 1069; baseline 0.001 -16"><span class='ocrx_word' id='word_1_56' title='bbox 346 1010 441 1069; x_wconf 87' lang='lat' dir='ltr'>lege</span> <span class='ocrx_word' id='word_1_57' title='bbox 474 1012 662 1065; x_wconf 71' lang='grc' dir='ltr'><em>δυσεργής</em></span> <span class='ocrx_word' id='word_1_58' title='bbox 696 1028 749 1056; x_wconf 88' lang='lat' dir='ltr'>ex</span> <span class='ocrx_word' id='word_1_59' title='bbox 780 1013 963 1069; x_wconf 84' lang='lat' dir='ltr'>Hesych.</span> <span class='ocrx_word' id='word_1_60' title='bbox 981 1049 991 1067; x_wconf 93' lang='lat'>,</span> <span class='ocrx_word' id='word_1_61' title='bbox 1023 1014 1097 1069; x_wconf 90' lang='lat' dir='ltr'>qui</span> <span class='ocrx_word' id='word_1_62' title='bbox 1120 1028 1215 1056; x_wconf 91' lang='lat' dir='ltr'>cum</span> <span class='ocrx_word' id='word_1_63' title='bbox 1245 1012 1489 1056; x_wconf 83' lang='lat' dir='ltr'>Scholiasta</span> <span class='ocrx_word' id='word_1_64' title='bbox 1511 1012 1719 1055; x_wconf 87' lang='lat' dir='ltr'>convenit.</span> 
     </span>
    </p>

    <p class='ocr_par' dir='ltr' id='par_1_5' title="bbox 346 1089 1715 1227">
     <span class='ocr_line' id='line_1_10' title="bbox 408 1089 1715 1147; baseline 0 -14"><span class='ocrx_word' id='word_1_65' title='bbox 408 1089 516 1133; x_wconf 90' lang='lat' dir='ltr'>Sunt</span> <span class='ocrx_word' id='word_1_66' title='bbox 547 1104 719 1147; x_wconf 86' lang='lat' dir='ltr'>quoque</span> <span class='ocrx_word' id='word_1_67' title='bbox 752 1092 948 1147; x_wconf 83' lang='lat' dir='ltr'>glossae,</span> <span class='ocrx_word' id='word_1_68' title='bbox 980 1092 1054 1135; x_wconf 92' lang='lat' dir='ltr'>ubi</span> <span class='ocrx_word' id='word_1_69' title='bbox 1085 1092 1262 1135; x_wconf 89' lang='lat' dir='ltr'>Photius</span> <span class='ocrx_word' id='word_1_70' title='bbox 1295 1100 1339 1134; x_wconf 89' lang='lat' dir='ltr'>et</span> <span class='ocrx_word' id='word_1_71' title='bbox 1361 1091 1601 1147; x_wconf 85' lang='lat' dir='ltr'>Hesychius</span> <span class='ocrx_word' id='word_1_72' title='bbox 1625 1105 1715 1133; x_wconf 91' lang='lat' dir='ltr'>ma-</span> 
     </span>
     <span class='ocr_line' id='line_1_11' title="bbox 346 1170 1569 1227; baseline 0.001 -14"><span class='ocrx_word' id='word_1_73' title='bbox 346 1170 411 1225; x_wconf 87' lang='lat' dir='ltr'>gis</span> <span class='ocrx_word' id='word_1_74' title='bbox 445 1171 716 1226; x_wconf 81' lang='lat' dir='ltr'>conspirent,</span> <span class='ocrx_word' id='word_1_75' title='bbox 753 1171 996 1215; x_wconf 85' lang='lat' dir='ltr'>Scholiasta</span> <span class='ocrx_word' id='word_1_76' title='bbox 1028 1172 1223 1227; x_wconf 90' lang='lat' dir='ltr'>paullum</span> <span class='ocrx_word' id='word_1_77' title='bbox 1257 1170 1431 1214; x_wconf 85' lang='lat' dir='ltr'>differat</span> <span class='ocrx_word' id='word_1_78' title='bbox 1463 1185 1498 1214; x_wconf 90' lang='lat' dir='ltr'>e.</span> <span class='ocrx_word' id='word_1_79' title='bbox 1534 1186 1569 1214; x_wconf 92' lang='lat' dir='ltr'>c.</span> 
     </span>
    </p>
   </div>
   <div class='ocr_carea' id='block_1_3' title="bbox 405 1307 1553 1762">
    <p class='ocr_par' dir='ltr' id='par_1_6' title="bbox 405 1307 1553 1524">
     <span class='ocr_line' id='line_1_12' title="bbox 405 1307 1553 1364; baseline 0 -13"><span class='ocrx_word' id='word_1_80' title='bbox 405 1308 549 1359; x_wconf 67' lang='grc' dir='ltr'><em>ἀμέλει</em></span> <span class='ocrx_word' id='word_1_81' title='bbox 913 1308 1055 1352; x_wconf 83' lang='lat' dir='ltr'>Schol.</span> <span class='ocrx_word' id='word_1_82' title='bbox 1091 1308 1220 1364; x_wconf 89' lang='lat' dir='ltr'>Hipp.</span> <span class='ocrx_word' id='word_1_83' title='bbox 1253 1307 1353 1351; x_wconf 86' lang='lat' dir='ltr'>Mai.</span> <span class='ocrx_word' id='word_1_84' title='bbox 1388 1308 1474 1351; x_wconf 82' lang='grc'>295</span> <span class='ocrx_word' id='word_1_85' title='bbox 1506 1308 1553 1351; x_wconf 91' lang='grc' dir='ltr'>Β.</span> 
     </span>
     <span class='ocr_line' id='line_1_13' title="bbox 405 1387 1525 1444; baseline -0.001 -14"><span class='ocrx_word' id='word_1_86' title='bbox 405 1388 621 1431; x_wconf 69' lang='grc' dir='ltr'><em>ἀπέκναισε</em></span> <span class='ocrx_word' id='word_1_87' title='bbox 1094 1388 1199 1444; x_wconf 81' lang='lat' dir='ltr'>Rep.</span> <span class='ocrx_word' id='word_1_88' title='bbox 1233 1387 1324 1430; x_wconf 85' lang='lat' dir='ltr'>III:</span> <span class='ocrx_word' id='word_1_89' title='bbox 1358 1388 1447 1429; x_wconf 82' lang='grc'>406</span> <span class='ocrx_word' id='word_1_90' title='bbox 1477 1387 1525 1429; x_wconf 93' lang='grc' dir='ltr'>Α.</span> 
     </span>
     <span class='ocr_line' id='line_1_14' title="bbox 406 1465 1446 1524; baseline -0.002 -13"><span class='ocrx_word' id='word_1_91' title='bbox 406 1469 516 1511; x_wconf 76' lang='grc' dir='ltr'><em>δεινοί</em></span> <span class='ocrx_word' id='word_1_92' title='bbox 1095 1468 1256 1524; x_wconf 85' lang='lat' dir='ltr'>Cratyl.</span> <span class='ocrx_word' id='word_1_93' title='bbox 1288 1467 1378 1510; x_wconf 83' lang='lat'>424</span> <span class='ocrx_word' id='word_1_94' title='bbox 1402 1465 1446 1509; x_wconf 87' lang='lat' dir='ltr'>C.</span> 
     </span>
    </p>

    <p class='ocr_par' dir='ltr' id='par_1_7' title="bbox 405 1546 1486 1762">
     <span class='ocr_line' id='line_1_15' title="bbox 407 1546 1486 1604; baseline -0.002 -12"><span class='ocrx_word' id='word_1_95' title='bbox 407 1551 450 1592; x_wconf 84' lang='grc' dir='ltr'>ἐκ</span> <span class='ocrx_word' id='word_1_96' title='bbox 482 1554 550 1592; x_wconf 80' lang='grc' dir='ltr'>τοῦ</span> <span class='ocrx_word' id='word_1_97' title='bbox 578 1555 834 1602; x_wconf 76' lang='grc' dir='ltr'><em>παραχρῆμα</em></span> <span class='ocrx_word' id='word_1_98' title='bbox 1096 1547 1289 1604; x_wconf 87' lang='lat' dir='ltr'>Sympos.</span> <span class='ocrx_word' id='word_1_99' title='bbox 1329 1547 1412 1590; x_wconf 86' lang='lat'>185</span> <span class='ocrx_word' id='word_1_100' title='bbox 1442 1546 1486 1590; x_wconf 89' lang='lat' dir='ltr'>C.</span> 
     </span>
     <span class='ocr_line' id='line_1_16' title="bbox 406 1626 1424 1672; baseline -0.002 -1"><span class='ocrx_word' id='word_1_101' title='bbox 406 1631 599 1672; x_wconf 74' lang='grc' dir='ltr'><em>θανατῶσι</em></span> <span class='ocrx_word' id='word_1_102' title='bbox 1094 1626 1253 1670; x_wconf 83' lang='lat' dir='ltr'>Phaed.</span> <span class='ocrx_word' id='word_1_103' title='bbox 1288 1627 1345 1669; x_wconf 89' lang='grc'>64</span> <span class='ocrx_word' id='word_1_104' title='bbox 1377 1626 1424 1669; x_wconf 92' lang='grc' dir='ltr'>Β.</span> 
     </span>
     <span class='ocr_line' id='line_1_17' title="bbox 405 1705 1480 1762; baseline -0.003 -11"><span class='ocrx_word' id='word_1_105' title='bbox 405 1707 622 1761; x_wconf 71' lang='grc' dir='ltr'><em>κορυζῶντα</em></span> <span class='ocrx_word' id='word_1_106' title='bbox 1096 1706 1200 1762; x_wconf 83' lang='lat' dir='ltr'>Rep.</span> <span class='ocrx_word' id='word_1_107' title='bbox 1232 1706 1280 1749; x_wconf 86' lang='lat' dir='ltr'>I:</span> <span class='ocrx_word' id='word_1_108' title='bbox 1314 1705 1402 1748; x_wconf 85' lang='lat'>343</span> <span class='ocrx_word' id='word_1_109' title='bbox 1431 1705 1480 1748; x_wconf 91' lang='lat' dir='ltr'>A.</span> 
     </span>
    </p>
   </div>
   <div class='ocr_carea' id='block_1_4' title="bbox 344 1831 1717 1971">
    <p class='ocr_par' dir='ltr' id='par_1_8' title="bbox 344 1831 1717 1971">
     <span class='ocr_line' id='line_1_18' title="bbox 344 1831 1717 1889; baseline -0.002 -12"><span class='ocrx_word' id='word_1_110' title='bbox 344 1836 390 1877; x_wconf 89' lang='lat' dir='ltr'>in</span> <span class='ocrx_word' id='word_1_111' title='bbox 421 1836 518 1878; x_wconf 87' lang='lat' dir='ltr'>aliis</span> <span class='ocrx_word' id='word_1_112' title='bbox 545 1839 697 1879; x_wconf 86' lang='lat' dir='ltr'>contra</span> <span class='ocrx_word' id='word_1_113' title='bbox 719 1835 899 1877; x_wconf 87' lang='lat' dir='ltr'>Photius</span> <span class='ocrx_word' id='word_1_114' title='bbox 922 1834 1161 1889; x_wconf 88' lang='lat' dir='ltr'>paullisper</span> <span class='ocrx_word' id='word_1_115' title='bbox 1182 1833 1401 1888; x_wconf 87' lang='lat' dir='ltr'>discrepat</span> <span class='ocrx_word' id='word_1_116' title='bbox 1423 1847 1448 1875; x_wconf 88' lang='lat' dir='ltr'>a</span> <span class='ocrx_word' id='word_1_117' title='bbox 1472 1831 1717 1875; x_wconf 87' lang='lat' dir='ltr'>Scholiasta</span> 
     </span>
     <span class='ocr_line' id='line_1_19' title="bbox 345 1913 1265 1971; baseline -0.003 -14"><span class='ocrx_word' id='word_1_118' title='bbox 345 1918 389 1957; x_wconf 91' lang='lat' dir='ltr'>et</span> <span class='ocrx_word' id='word_1_119' title='bbox 421 1913 662 1971; x_wconf 80' lang='lat' dir='ltr'>Hesychio‚</span> <span class='ocrx_word' id='word_1_120' title='bbox 696 1914 770 1969; x_wconf 88' lang='lat' dir='ltr'>qui</span> <span class='ocrx_word' id='word_1_121' title='bbox 802 1914 914 1955; x_wconf 86' lang='lat' dir='ltr'>idem</span> <span class='ocrx_word' id='word_1_122' title='bbox 947 1913 1128 1955; x_wconf 90' lang='lat' dir='ltr'>tradunt</span> <span class='ocrx_word' id='word_1_123' title='bbox 1160 1926 1194 1955; x_wconf 90' lang='lat' dir='ltr'>e.</span> <span class='ocrx_word' id='word_1_124' title='bbox 1229 1926 1265 1954; x_wconf 90' lang='lat' dir='ltr'>c.</span> 
     </span>
    </p>
   </div>
   <div class='ocr_carea' id='block_1_5' title="bbox 404 2038 1721 2728">
    <p class='ocr_par' dir='ltr' id='par_1_9' title="bbox 404 2038 1519 2176">
     <span class='ocr_line' id='line_1_20' title="bbox 405 2038 1519 2096; baseline -0.003 -12"><span class='ocrx_word' id='word_1_125' title='bbox 405 2043 604 2085; x_wconf 74' lang='grc' dir='ltr'><em>ἀκταίνειν</em></span> <span class='ocrx_word' id='word_1_126' title='bbox 915 2040 1055 2084; x_wconf 85' lang='lat' dir='ltr'>Schol.</span> <span class='ocrx_word' id='word_1_127' title='bbox 1088 2040 1217 2096; x_wconf 85' lang='lat' dir='ltr'>Legg.</span> <span class='ocrx_word' id='word_1_128' title='bbox 1251 2039 1323 2082; x_wconf 89' lang='lat' dir='ltr'>II:</span> <span class='ocrx_word' id='word_1_129' title='bbox 1357 2040 1445 2082; x_wconf 82' lang='lat'>672</span> <span class='ocrx_word' id='word_1_130' title='bbox 1474 2038 1519 2082; x_wconf 87' lang='lat' dir='ltr'>C.</span> 
     </span>
     <span class='ocr_line' id='line_1_21' title="bbox 404 2121 1407 2176; baseline -0.003 -11"><span class='ocrx_word' id='word_1_131' title='bbox 404 2122 604 2175; x_wconf 69' lang='grc' dir='ltr'><em>ἀνέφικτα</em></span> <span class='ocrx_word' id='word_1_132' title='bbox 1099 2121 1271 2176; x_wconf 80' lang='lat' dir='ltr'>Alcyon.</span> <span class='ocrx_word' id='word_1_133' title='bbox 1309 2121 1407 2163; x_wconf 92' lang='grc'>110.</span> 
     </span>
    </p>

    <p class='ocr_par' dir='ltr' id='par_1_10' title="bbox 404 2198 1433 2255">
     <span class='ocr_line' id='line_1_22' title="bbox 404 2198 1433 2255; baseline -0.002 -12"><span class='ocrx_word' id='word_1_134' title='bbox 404 2201 607 2255; x_wconf 77' lang='grc' dir='ltr'><em>οὶρνακίδες</em></span> <span class='ocrx_word' id='word_1_135' title='bbox 1037 2198 1231 2255; x_wconf 84' lang='lat' dir='ltr'>Sympos.</span> <span class='ocrx_word' id='word_1_136' title='bbox 1265 2199 1355 2242; x_wconf 83' lang='lat'>220</span> <span class='ocrx_word' id='word_1_137' title='bbox 1383 2198 1433 2241; x_wconf 91' lang='grc' dir='ltr'>Β.</span> 
     </span>
    </p>

    <p class='ocr_par' dir='ltr' id='par_1_11' title="bbox 404 2278 1404 2330">
     <span class='ocr_line' id='line_1_23' title="bbox 404 2278 1404 2330; baseline -0.004 -8"><span class='ocrx_word' id='word_1_138' title='bbox 404 2280 511 2330; x_wconf 75' lang='grc' dir='ltr'><em>βοτά</em></span> <span class='ocrx_word' id='word_1_139' title='bbox 1038 2278 1204 2320; x_wconf 75' lang='lat' dir='ltr'>MeneX.</span> <span class='ocrx_word' id='word_1_140' title='bbox 1238 2278 1324 2319; x_wconf 81' lang='lat'>237</span> <span class='ocrx_word' id='word_1_141' title='bbox 1353 2278 1404 2319; x_wconf 91' lang='lat' dir='ltr'>D.</span> 
     </span>
    </p>

    <p class='ocr_par' dir='ltr' id='par_1_12' title="bbox 405 2355 1339 2412">
     <span class='ocr_line' id='line_1_24' title="bbox 405 2355 1339 2412; baseline -0.003 -9"><span class='ocrx_word' id='word_1_142' title='bbox 405 2359 574 2412; x_wconf 82' lang='grc' dir='ltr'><em>ἐννέωρος</em></span> <span class='ocrx_word' id='word_1_143' title='bbox 1039 2357 1141 2400; x_wconf 89' lang='lat' dir='ltr'>Min.</span> <span class='ocrx_word' id='word_1_144' title='bbox 1175 2357 1262 2400; x_wconf 86' lang='lat'>319</span> <span class='ocrx_word' id='word_1_145' title='bbox 1291 2355 1339 2400; x_wconf 89' lang='lat' dir='ltr'>B.</span> 
     </span>
    </p>

    <p class='ocr_par' dir='ltr' id='par_1_13' title="bbox 405 2436 1489 2498">
     <span class='ocr_line' id='line_1_25' title="bbox 405 2436 1489 2498; baseline -0.003 -18"><span class='ocrx_word' id='word_1_146' title='bbox 405 2438 534 2491; x_wconf 80' lang='grc' dir='ltr'><em>ἔρανος</em></span> <span class='ocrx_word' id='word_1_147' title='bbox 1038 2436 1169 2498; x_wconf 69' lang='lat' dir='ltr'>Legg&#39;.</span> <span class='ocrx_word' id='word_1_148' title='bbox 1200 2436 1290 2479; x_wconf 87' lang='lat' dir='ltr'>XI:</span> <span class='ocrx_word' id='word_1_149' title='bbox 1324 2436 1413 2478; x_wconf 81' lang='lat'>915</span> <span class='ocrx_word' id='word_1_150' title='bbox 1440 2436 1489 2477; x_wconf 92' lang='grc' dir='ltr'>Ε.</span> 
     </span>
    </p>

    <p class='ocr_par' dir='ltr' id='par_1_14' title="bbox 404 2515 1407 2560">
     <span class='ocr_line' id='line_1_26' title="bbox 404 2515 1407 2560; baseline -0.002 0"><span class='ocrx_word' id='word_1_151' title='bbox 404 2518 522 2560; x_wconf 77' lang='grc' dir='ltr'><em>εὐλαί</em></span> <span class='ocrx_word' id='word_1_152' title='bbox 1038 2515 1214 2559; x_wconf 86' lang='lat' dir='ltr'>Axioch.</span> <span class='ocrx_word' id='word_1_153' title='bbox 1248 2515 1336 2559; x_wconf 86' lang='lat'>365</span> <span class='ocrx_word' id='word_1_154' title='bbox 1363 2515 1407 2559; x_wconf 84' lang='lat' dir='ltr'>G.</span> 
     </span>
    </p>

    <p class='ocr_par' dir='ltr' id='par_1_15' title="bbox 404 2593 1721 2728">
     <span class='ocr_line' id='line_1_27' title="bbox 406 2593 1721 2649; baseline -0.003 -10"><span class='ocrx_word' id='word_1_155' title='bbox 406 2597 565 2649; x_wconf 76' lang='grc' dir='ltr'><em>θροῖττον</em></span> <span class='ocrx_word' id='word_1_156' title='bbox 1035 2593 1195 2637; x_wconf 82' lang='lat' dir='ltr'>Phaed.</span> <span class='ocrx_word' id='word_1_157' title='bbox 1222 2594 1279 2637; x_wconf 83' lang='lat'>86</span> <span class='ocrx_word' id='word_1_158' title='bbox 1297 2594 1334 2637; x_wconf 91' lang='grc' dir='ltr'>Ε</span> <span class='ocrx_word' id='word_1_159' title='bbox 1355 2593 1551 2636; x_wconf 83' lang='lat' dir='ltr'>Parmen.</span> <span class='ocrx_word' id='word_1_160' title='bbox 1576 2593 1658 2635; x_wconf 84' lang='lat'>130</span> <span class='ocrx_word' id='word_1_161' title='bbox 1670 2593 1721 2635; x_wconf 92' lang='lat' dir='ltr'>D.</span> 
     </span>
     <span class='ocr_line' id='line_1_28' title="bbox 404 2674 1474 2728; baseline -0.002 -10"><span class='ocrx_word' id='word_1_162' title='bbox 404 2678 632 2728; x_wconf 77' lang='grc' dir='ltr'><em>Κεραμεικῷ</em></span> <span class='ocrx_word' id='word_1_163' title='bbox 1037 2674 1280 2717; x_wconf 85' lang='lat' dir='ltr'>Parmenid.</span> <span class='ocrx_word' id='word_1_164' title='bbox 1316 2674 1399 2716; x_wconf 83' lang='lat'>127</span> <span class='ocrx_word' id='word_1_165' title='bbox 1429 2674 1474 2717; x_wconf 87' lang='lat' dir='ltr'>C.</span> 
     </span>
    </p>
   </div>
   <div class='ocr_carea' id='block_1_6' title="bbox 404 2752 1445 2810">
    <p class='ocr_par' dir='ltr' id='par_1_16' title="bbox 404 2752 1445 2810">
     <span class='ocr_line' id='line_1_29' title="bbox 404 2752 1445 2810; baseline -0.002 -12"><span class='ocrx_word' id='word_1_166' title='bbox 404 2756 515 2806; x_wconf 81' lang='grc' dir='ltr'><em>κῆδος</em></span> <span class='ocrx_word' id='word_1_167' title='bbox 933 2753 938 2758; x_wconf 81' lang='grc'><strong>’</strong></span> <span class='ocrx_word' id='word_1_168' title='bbox 1037 2754 1142 2810; x_wconf 84' lang='lat' dir='ltr'>Rep.</span> <span class='ocrx_word' id='word_1_169' title='bbox 1174 2753 1241 2796; x_wconf 91' lang='lat' dir='ltr'>X:</span> <span class='ocrx_word' id='word_1_170' title='bbox 1279 2752 1366 2797; x_wconf 74' lang='grc'>605</span> <span class='ocrx_word' id='word_1_171' title='bbox 1394 2753 1445 2796; x_wconf 90' lang='lat' dir='ltr'>D.</span> 
     </span>
    </p>
   </div>
  </div>
 </body>
</html>
