2057 3375
1088 300 1145 341 98

428 451 492 480 τος
528 440 603 476 τῶν
633 438 856 490 τεττάρων,
892 435 941 477 ὧν
975 434 1019 484 ἦν
1050 439 1144 486 ἡμῖν
1175 437 1214 479 ἓν
1242 442 1369 480 τοῦτο.
1402 440 1506 495 κτὲ.)
1541 444 1681 483 ortam
1704 454 1799 483 esse

426 513 664 558 rectissime
697 515 889 568 credunt.

484 593 589 636 ibid.
632 594 691 636 56
725 594 760 636 Β
805 594 1146 647 προσαγώγιον
1186 596 1402 639 τεκτονικόν
1444 597 1526 639 ἔστι
1566 597 1746 648 ὄργανον,
1779 597 1797 641 ὃ

424 674 688 726 προσάγοντες
720 675 912 717 εὐθύνουσι
945 675 1000 717 τοὶ
1034 675 1215 728 στρεβλὰ
1247 675 1368 726 ξύλα.

484 751 685 797 Photius:
730 754 1097 805 προσαγώγιον·
1140 755 1185 798 τὸ
1227 759 1302 798 τῶν
1344 756 1531 799 τεκτόνων
1564 755 1744 809 ὄργανον,
1779 755 1796 800 ὃ

422 833 686 883 προσάγοντες
723 832 916 874 εὐθύνουσι
948 833 1004 874 τοὶ
1036 834 1218 885 στρεβλοὶ
1233 833 1353 884 ξύλα.
1377 835 1639 891 Hesychius:
1659 851 1794 886 προσ·

421 911 662 961 αγώγιον·
704 912 924 962 διαβήτης,
967 912 1012 954 τὸ
1044 917 1119 954 τῶν
1150 913 1338 956 τεκτόνων
1372 913 1544 967 ὄργανον.
1596 914 1796 958 Naberus

418 989 473 1046 gl.
504 989 673 1034 Boetho
705 989 881 1042 tribuit,
923 989 1184 1035 Sohmidtius
1224 991 1503 1048 Diogeniano.
1544 992 1597 1036 of.
1629 993 1792 1050 Proleg.

422 1070 477 1112 ad
514 1069 635 1113 Phot.
668 1085 738 1126 pg.
773 1071 855 1121 61,
889 1070 1066 1121 Quaest.
1102 1070 1204 1114 Hes.
1236 1086 1306 1127 pg.
1337 1085 1446 1114 xcn.

480 1148 621 1193 Schol.
667 1148 863 1205 Sympos.
910 1149 995 1192 184
1021 1149 1060 1192 A
1090 1149 1405 1204 βασανίζειν·
1438 1151 1682 1205 δοκιμάζειν,
1716 1151 1795 1193 δια-

415 1228 563 1282 κρίνειν.
597 1231 877 1280 μετενήνεκται
909 1230 949 1273 δὲ
976 1229 1057 1273 άπὸ
1085 1235 1157 1279 τῆς
1185 1229 1315 1280 Λυδῆς
1342 1231 1469 1288 λίθου,
1486 1230 1533 1274 δι’
1551 1229 1592 1282 ἧς
1609 1231 1627 1275 ὁ
1644 1232 1790 1286 χρυσὸς

415 1308 704 1362 βασανίζεται,
737 1310 915 1352 τουτέστι
950 1309 1219 1363 δοκιμάζεται.

473 1387 539 1432 Cf.
574 1388 715 1432 Schol.
749 1388 876 1447 Gorg.
910 1389 998 1432 486
1023 1389 1060 1431 D
1092 1389 1216 1432 ἰστέον
1247 1388 1305 1432 ὅτι
1326 1391 1396 1438 τὴν
1421 1390 1533 1433 λίθον.
1564 1390 1611 1433 δι’
1636 1389 1678 1441 ἧς
1694 1391 1793 1434 δοκι-

413 1467 582 1521 μάζουσι
626 1467 691 1510 τὸν
732 1468 892 1522 χρυσόν,
936 1468 967 1511 οἱ
1012 1468 1085 1519 μὲν
1127 1467 1225 1516 ἰδίως
1270 1468 1469 1520 βάσανον,
1506 1470 1539 1512 οἱ
1571 1469 1611 1511 δὲ
1642 1469 1793 1513 Λυδίαν

412 1552 614 1591 καλοῦσιν.

476 1627 642 1670 Similia
686 1627 730 1669 in
763 1627 954 1683 antiquis
987 1625 1136 1670 lexicis
1167 1626 1412 1671 traduntur.
1447 1626 1501 1672 cf.
1535 1627 1720 1684 Hesyoh.
1756 1641 1793 1669 v,

412 1707 690 1759 βασανίτης
730 1707 856 1753 λίθος
891 1727 947 1743 =
980 1706 1060 1750 lex.
1101 1706 1210 1749 rhet.
1241 1706 1374 1750 Bekk.
1408 1707 1521 1757 225,
1558 1708 1626 1750 19.
1679 1707 1792 1750 Har-

411 1791 578 1843 pocrat.
614 1802 649 1830 v.
682 1787 905 1839 βάσανος
938 1786 1082 1835 λίθος.
1116 1786 1239 1830 Phot.
1272 1789 1317 1830 et
1347 1785 1531 1843 Hesych.
1563 1801 1599 1830 v.
1631 1786 1791 1830 Λυδία

412 1868 552 1915 λίθος.

472 1946 575 1989 ibid.
608 1946 696 1988 215
720 1946 756 1988 A
790 1946 980 1994 Σιληνοὶ
1015 1946 1199 1988 Διονύσου
1230 1946 1446 1997 χορευταί,
1488 1945 1599 1997 παρὰ
1621 1944 1680 1987 ’τὸ
1712 1954 1791 1987 σιλ-

409 2026 556 2068 λαίνειν
572 2059 581 2075 ,
616 2023 638 2068 ὅ
666 2025 749 2067 ἐστι
781 2024 995 2078 σκώπτειν,
1028 2024 1258 2075 λεγόμενοι,
1292 2024 1403 2075 παρὰ
1435 2023 1524 2070 τοὺς
1559 2023 1716 2071 πότους.

474 2105 585 2147 Vide
609 2104 806 2147 Eustath.
830 2104 943 2155 204,
967 2103 1044 2154 25,
1071 2102 1228 2146 Naber.
1248 2103 1304 2146 ad
1321 2102 1445 2146 Phot.
1462 2117 1500 2145 v.
1523 2102 1790 2146 σιλλαίνει.

470 2185 570 2228 ibid.
612 2185 697 2227 221
732 2183 766 2227 C
806 2183 1159 2236 προτροπάδην·
1199 2183 1420 2235 προθύμως,
1458 2182 1784 2235 ἀμεταστρεπτί,

406 2266 514 2314 μετὰ
551 2269 795 2316 προτροπῆς,
832 2262 854 2312 ἢ
886 2262 939 2309 εἷς
971 2261 1250 2313 τοῦμπροσθεν.

470 2344 536 2387 Ad
576 2342 832 2387 Homericas
884 2341 1052 2397 glossas
1098 2340 1351 2397 Diogeniani
1394 2339 1529 2384 refert
1557 2339 1791 2401 Mettauer·

405 2438 474 2479 pg.
511 2425 580 2466 77.
644 2423 811 2465 Iniuria
850 2426 900 2464 ut
930 2421 1111 2464 videtur.
1173 2420 1359 2476 Hesych.
1393 2420 1454 2463 nil
1488 2420 1577 2462 nisi
1613 2435 1790 2472 προτρο-

404 2506 579 2554 πάδην·
608 2504 661 2551 εἷς
689 2502 957 2555 τοῦμπροσθεν
982 2501 1273 2554 τετραμμένοι,
1298 2500 1371 2544 ubi
1393 2498 1598 2543 Schmidt
1621 2503 1796 2556 praeter
1818 2543 1820 2546 f

403 2588 527 2633 Hom.
560 2584 608 2629 ΙΙ.
640 2591 694 2637 Π,
727 2583 815 2628 303
847 2582 978 2626 etiam
1010 2581 1164 2625 laudat
1191 2580 1298 2624 Xen.
1325 2579 1502 2623 Memor.
1543 2580 1564 2622 1
1589 2611 1600 2631 ,
1619 2580 1646 2622 3
1674 2581 1701 2634 ξ
1721 2579 1787 2641 13.

402 2669 523 2715 Idem
567 2670 698 2721 atque
740 2664 881 2708 Schol.
918 2661 1054 2706 habet
1089 2661 1247 2704 Suidas
1280 2661 1472 2715 exceptis
1504 2658 1652 2702 verbis
1683 2659 1792 2709 μετα

402 2764 541 2803 προτρο
550 2753 646 2798 πῆς.
