2057 3375
1030 337 1057 379 8

353 473 555 516 Eustathi
588 474 855 526 auctoribus,
889 474 1064 530 Lipsiae
1101 475 1237 526 1881,
1266 491 1336 532 pg.
1361 478 1448 520 344
1470 478 1577 521 haec
1600 480 1723 523 dicit:

358 552 574 603 „Boethus
614 558 758 597 autem
793 569 890 597 cum
922 555 1030 598 alios
1061 560 1153 599 tum
1186 558 1419 612 praecipue
1455 558 1728 614 Pamphilum

354 636 573 674 auctorem
609 638 783 675 secutus
816 638 900 684 est3
934 634 1096 689 passim
1129 636 1258 678 etiam
1294 636 1548 692 Diogeniani
1577 645 1726 691 Περιερ-

353 711 578 760 yon-&vnvm
620 712 833 766 inspexit,
866 713 980 756 unde
1013 719 1170 768 quater
1204 715 1494 770 Diogenianus
1529 731 1555 759 a
1588 717 1727 761 Schol.

352 789 547 834 Platonis
587 791 818 848 laudatur3
861 791 971 836 falso
1004 794 1116 837 enim
1150 794 1297 838 Naber
1330 796 1482 840 statuit
1514 797 1727 841 Boethum

352 870 609 925 Diogeniani
636 872 876 914 mentiones
900 872 1060 916 debere
1085 874 1208 917 Aelio
1230 874 1477 932 Dionysio.''
1508 876 1607 920 Alia
1628 891 1728 933 pro-

351 949 435 991 fert
456 948 701 1005 Boysenus‚
725 950 778 993 de
801 950 1160 1007 Harpocrationis
1178 953 1303 997 lexici
1320 954 1512 998 fontibus
1530 955 1724 1007 Quaesti-

351 1043 455 1072 ones
495 1030 705 1080 selectae,
754 1030 894 1074 Kiliae
936 1031 1075 1088 1876,
1108 1046 1178 1088 pg.
1213 1033 1416 1086 61—66,
1450 1049 1535 1078 non
1568 1035 1727 1092 Diony-

352 1109 461 1151 sium
506 1113 550 1152 et
591 1109 854 1153 Pausaniam
899 1111 1167 1166 Diogeniano
1211 1127 1313 1155 usos
1357 1127 1471 1163 esse,
1506 1114 1582 1156 sed
1613 1114 1728 1157 hunc

350 1187 458 1239 illis3
502 1191 594 1231 tum
629 1189 870 1232 adsentitur
903 1188 1141 1234 Schmidtio
1173 1190 1373 1234 Photium
1406 1192 1547 1248 ipsum
1581 1192 1728 1248 inspe-

349 1268 466 1311 xisse
515 1268 772 1323 Diogeniani
821 1270 991 1313 lexicon
1039 1275 1169 1326 atque
1213 1272 1313 1314 inde
1356 1272 1515 1315 habere
1557 1272 1725 1328 glossas

351 1348 681 1403 Diogenianeas.
716 1348 966 1392 Postremus
990 1350 1180 1393 omnium
1204 1350 1475 1394 Mettauerus
1498 1352 1552 1394 1.l.
1575 1366 1645 1407 pg.
1669 1352 1727 1394 80

352 1441 501 1471 omnes
542 1428 711 1483 glossas
757 1429 1075 1484 Diogenianeas
1108 1444 1135 1473 a
1170 1429 1416 1474 Scholiasta
1447 1430 1641 1475 Platonis
1674 1445 1726 1474 ex

351 1507 447 1562 ipso
477 1507 734 1561 Diogeniani
763 1521 893 1564 opere
917 1508 1139 1551 desumtas
1164 1523 1258 1552 esse
1275 1510 1500 1565 opinatur:
1523 1524 1577 1553 ne
1593 1510 1726 1553 ullam

350 1587 545 1641 quidem,
579 1588 739 1642 inquit,
772 1588 962 1643 glossam
995 1589 1170 1631 invenio
1203 1589 1248 1631 in
1282 1588 1463 1633 Scholiis
1495 1591 1725 1646 Diogenia-

351 1680 498 1718 neam,
532 1681 644 1722 quae
676 1668 804 1710 certis
839 1668 1108 1723 argumentis
1141 1668 1348 1723 probetur
1380 1682 1403 1711 e
1435 1668 1589 1712 Boethi
1622 1669 1725 1713 lexi—

352 1746 413 1788 cis
445 1747 672 1789 transiisse
704 1747 748 1788 in
784 1746 1053 1789 scholiorum
1086 1746 1363 1802 farraginem.

414 1826 619 1869 Videmus
651 1827 793 1881 igitur,
829 1829 994 1881 quanta
1028 1827 1083 1870 sit
1116 1826 1327 1870 dissensio
1351 1827 1404 1870 de
1429 1829 1591 1884 origine
1612 1829 1725 1883 glos-

352 1920 498 1949 sarum
541 1905 935 1961 Diogenianearum
975 1905 1020 1948 in
1053 1905 1237 1949 Scholiis
1269 1906 1504 1951 Platonicis
1537 1910 1579 1950 et
1611 1908 1726 1963 apud

351 1985 563 2028 Photium.
622 1985 747 2028 Nunc
780 1985 884 2041 quid
916 1986 1010 2041 ipse
1042 1985 1270 2041 explorare
1302 1987 1540 2042 potuerim,
1573 1986 1726 2029 dicam.

351 2063 626 2118 Comparatis
676 2064 874 2106 omnibus
922 2065 1078 2120 glossis
1125 2065 1277 2120 procul
1320 2065 1451 2107 dubio
1490 2069 1606 2108 recte
1638 2070 1726 2108 sta-

350 2147 472 2185 tuere
516 2143 620 2185 mihi
662 2142 861 2186 videntur
905 2142 1167 2187 Schmidtius
1210 2147 1253 2186 et
1290 2143 1559 2187 Mettauerus
1593 2142 1726 2186 Scho-

349 2220 523 2263 liastam
566 2221 708 2276 ipsum
751 2221 1006 2277 Diogeniani
1052 2222 1140 2265 sive
1176 2222 1380 2278 Hesychii
1423 2222 1560 2265 lexico
1599 2235 1724 2264 usum

350 2315 454 2343 esse.

411 2379 585 2424 Nullam
616 2380 806 2436 glossam
838 2381 955 2434 novi,
987 2395 1075 2437 qua
1106 2382 1365 2425 luculentius
1388 2381 1470 2425 hoc
1492 2386 1723 2438 appareat,

350 2474 479 2515 quam
520 2475 594 2512 ea,
635 2474 746 2515 quae
789 2465 855 2504 est
889 2459 1031 2504 Schol.
1065 2461 1155 2504 Ion.
1188 2461 1277 2504 533
1310 2462 1370 2505 D:
1405 2463 1652 2513 Διογενιανὸς
1685 2461 1724 2503 δὲ

350 2547 564 2591 Μκγνῆτιν
591 2542 663 2591 μὲν
696 2545 856 2583 πλανᾶν
890 2543 1000 2593 λέγει
1032 2545 1099 2592 τὴν
1134 2542 1221 2594 ὄψιν
1252 2544 1374 2598 λίθον,
1408 2546 1457 2590 ὡς
1490 2543 1546 2593 εἴη
1569 2544 1723 2596 ἀργύρῳ

349 2621 543 2675 ἐμφέρης,
571 2623 640 2670 τὴν
659 2621 697 2664 δὲ
715 2623 979 2674 Ἡρακλεῶτιν
997 2623 1239 2665 ἐπισπᾶσθαι
1256 2623 1320 2665 τὸν
1337 2624 1497 2675 σίδηρον.
1521 2622 1721 2666 Glossam

350 2714 373 2742 e
401 2701 663 2755 Diogeniano
689 2699 864 2745 fluxisse
886 2716 965 2757 per
985 2701 1197 2746 Boethum
1221 2707 1348 2758 putat
1368 2702 1584 2755 Naberus,
1601 2703 1724 2746 cuius

350 2779 694 2826 observationem
739 2780 916 2826 Photius
957 2782 1189 2828 servaverit
1221 2782 1264 2826 in
1297 2796 1399 2826 voce
1436 2783 1723 2837 Ἡρακλείαν
