2057 3375
1070 308 1127 350 66

415 448 622 497 affectam,
667 446 720 490 al.
765 446 837 501 (cf.
883 447 1007 491 Phot.
1050 448 1093 490 in
1138 448 1205 492 his
1238 450 1344 505 vv.)‚
1378 454 1454 492 aut
1489 450 1627 492 minus
1661 450 1790 493 docta

414 528 560 582 glossa
603 527 776 569 aliunde
811 527 949 581 petita
983 529 1163 570 mutavit
1196 528 1267 583 (cf.
1303 528 1444 571 Schol.
1478 511 1638 571 Phaed.
1674 530 1732 571 65
1753 530 1789 571 B

414 605 548 661 ἧδ’ὅς,
586 606 728 662 Symp.
768 608 854 650 193
886 608 920 649 A
960 608 1126 660 λίσπαιι,
1157 609 1341 652 Phaedr.
1375 610 1461 652 236
1495 609 1530 651 Β
1562 611 1789 662 Κυψελιδῶν

411 686 623 738 ἀνάθημα,
648 686 749 728 ibid.
784 686 871 728 242
905 686 940 728 A
969 687 1171 739 σταθερόν,
1207 687 1341 731 Alcib.
1376 687 1417 731 I:
1457 689 1540 731 120
1573 688 1609 730 Α
1631 690 1786 740 ὀρτυγο-

410 764 551 819 τρόφον
595 780 691 808 cum
735 765 932 821 Photio),
979 766 1039 809 sic
1083 768 1128 809 in
1170 766 1253 810 hac
1298 767 1423 810 illave
1456 768 1603 822 glossa
1634 767 1788 811 Boethi

410 846 502 900 ipse
535 847 695 897 χρήσεις
728 847 966 901 resecuisse
991 848 1210 901 putandus
1231 851 1309 888 est.
1341 846 1401 889 Cf.
1427 847 1566 890 Schol.
1589 848 1785 890 Parmen.

413 925 494 967 127
540 924 575 966 Β
618 913 803 975 mame,
848 923 1010 968 Phileb.
1057 924 1115 968 56
1151 925 1185 967 E
1218 925 1498 979 τευηζόπων.
1563 926 1783 970 Interdum

408 1008 553 1048 autem
587 1004 818 1060 ampliores
842 1018 936 1047 esse
961 1004 1022 1047 nil
1045 1005 1222 1057 mirum3
1246 1019 1348 1048 nam
1372 1009 1420 1048 ut
1442 1006 1559 1061 apud
1583 1006 1781 1049 Photium

407 1085 729 1127 observationes
777 1098 830 1125 ex
873 1083 1022 1126 lexicis
1062 1083 1287 1126 rhetoricis
1322 1090 1550 1127 truncatae
1583 1089 1627 1128 et
1659 1086 1787 1128 muti-

407 1164 523 1206 latae
555 1167 599 1206 et
630 1168 885 1205 contractae
919 1166 1042 1213 sunt,
1073 1162 1134 1204 sic
1157 1163 1271 1205 idem
1291 1163 1448 1205 Boethi
1471 1163 1786 1206 observationi-

406 1241 486 1284 bus
532 1241 600 1283 hic
643 1240 735 1283 illic
770 1239 982 1282 accidisse
1014 1239 1220 1283 credibile
1253 1244 1330 1283 est.
1364 1240 1415 1284 cf.
1451 1239 1592 1284 Schol.
1624 1241 1784 1284 Phaed.

406 1323 462 1364 72
496 1320 528 1363 C
560 1322 668 1372 ὁμοῦ,
703 1320 888 1375 Sophist.
922 1321 1009 1362 220
1031 1320 1069 1362 Α
1090 1319 1211 1371 ἄττα,
1236 1320 1473 1375 Hipparch.
1497 1322 1585 1363 229
1611 1321 1648 1363 D
1672 1322 1783 1374 τέως,

404 1399 563 1456 Theag.
598 1400 678 1442 127
705 1398 737 1441 C
760 1398 954 1452 ἔμβραχυ
979 1413 1075 1441 cum
1099 1399 1254 1442 Photio
1278 1398 1454 1456 (Suida)
1477 1399 1523 1442 in
1547 1400 1699 1443 iisdem
1722 1415 1783 1443 vv·

465 1479 557 1521 Iam
602 1483 837 1533 antequam
883 1478 938 1520 ad
984 1478 1104 1532 ipsas
1149 1478 1306 1520 Boethi
1349 1478 1538 1535 glossas,
1585 1494 1697 1534 quae
1739 1480 1783 1522 in

404 1557 587 1600 Scholiis
621 1561 878 1606 occurrunt,
913 1557 1145 1607 accedam,
1180 1557 1331 1611 paucis
1367 1557 1598 1600 dicendum
1631 1563 1698 1601 est
1729 1559 1782 1601 de

404 1652 552 1682 earum
596 1637 759 1693 origine
803 1640 934 1692 atque
979 1639 1149 1679 natura.
1215 1635 1393 1680 Scilicet
1424 1637 1491 1680 his
1523 1637 1701 1694 glossis,
1735 1643 1783 1682 ut

403 1717 565 1760 Naberi
610 1717 749 1759 verbis
780 1720 891 1766 utar,
930 1716 1054 1771 „ipsa
1088 1716 1271 1758 historia
1304 1717 1535 1771 attingitur
1566 1722 1610 1759 et
1640 1732 1780 1760 mores

405 1802 617 1848 veterum,
650 1795 878 1851 proverbia
910 1795 1143 1850 imprimis,
1177 1795 1303 1838 docte
1335 1800 1546 1838 ornantur
1569 1800 1612 1839 et
1634 1797 1779 1840 multis

404 1876 662 1931 scriptorum
687 1874 1017 1916 auctoritatibus
1040 1872 1327 1916 muniuntur.''
1373 1874 1480 1917 Esse
1503 1878 1647 1917 tamen
1674 1875 1779 1918 satis

403 1955 585 2005 multas,
630 1967 742 2007 quae
788 1954 831 1993 in
876 1967 995 1995 mera
1039 1953 1267 1995 verborum
1300 1953 1655 2008 interpretatione
1689 1969 1778 1997 ver-

404 2039 566 2085 sentur,
610 2032 682 2088 qui
728 2031 840 2074 volet
887 2030 1054 2074 videbit.
1120 2030 1305 2073 Summis
1346 2030 1546 2075 laudibus
1580 2031 1778 2075 observa-

402 2115 566 2155 tionum
622 2112 778 2153 harum
834 2116 1054 2153 auctorem
1110 2110 1235 2153 effert
1283 2110 1495 2167 Cobetus,
1544 2126 1684 2166 neque
1732 2112 1776 2154 id

400 2192 583 2243 iniuria3
618 2190 691 2234 sed
725 2191 772 2233 in
804 2205 854 2233 eo
877 2191 940 2232 vir
962 2204 1154 2233 summus
1178 2189 1318 2233 falsus
1342 2204 1435 2233 esse
1457 2191 1636 2242 videtur,
1660 2192 1776 2246 quod

401 2286 488 2314 non
536 2271 816 2324 scriptorem,
867 2269 942 2311 sed
987 2269 1321 2323 descriptorem,
1366 2270 1539 2311 doctum
1583 2284 1688 2312 sane
1731 2276 1775 2313 et

400 2351 663 2405 elegantem,
699 2348 1010 2402 descriptorem
1042 2351 1210 2398 tamen,
1243 2347 1496 2390 laudaverit.
1541 2348 1637 2390 Non
1661 2349 1774 2391 enim

398 2429 591 2472 Boethus
624 2428 776 2470 harum
810 2427 1154 2469 observationum
1188 2430 1313 2482 pater
1346 2431 1477 2490 atque
1509 2436 1661 2470 auctor
1684 2432 1772 2479 est,

400 2510 472 2552 sed
508 2507 782 2563 Pamphilum
817 2506 883 2549 vel
916 2507 1061 2561 potius
1096 2521 1147 2549 ne
1181 2506 1433 2562 Pamphilus
1468 2507 1666 2562 quidem,
1698 2508 1771 2550 sed

397 2588 487 2643 illi,
546 2601 654 2643 quos
703 2586 957 2642 Pamphilus
1013 2587 1275 2641 sequebatur
1323 2592 1366 2630 et
1414 2587 1460 2629 in
1506 2587 1644 2630 lexico
1693 2601 1770 2630 suo

398 2668 621 2710 condendo
660 2666 916 2716 adhibebat,
949 2666 1158 2721 Didymus
1191 2667 1427 2721 imprimis,
1452 2665 1770 2717 Artemidorus,

397 2746 630 2797 Heracleo,
664 2745 748 2787 alii.
799 2743 907 2787 Vide
937 2759 1074 2800 supra
1106 2760 1172 2800 pg.
1207 2744 1246 2787 5.
1295 2744 1389 2787 Hoc
1416 2744 1561 2787 multis
1583 2750 1627 2787 et
1650 2744 1769 2787 lucu-
