2057 3375
1099 314 1125 355 2

424 457 476 500 de
518 457 589 505 iis,
636 470 748 512 quae
792 470 815 499 e
846 455 995 499 lexicis
1026 455 1400 511 grammaticorum
1435 454 1632 498 desumta
1665 457 1788 504 sunt,

421 536 618 589 pluribus
661 539 859 584 acturus3
903 536 947 575 in
981 534 1137 587 quibus
1170 535 1295 576 huius
1328 535 1633 588 disputationis
1664 547 1788 587 argu·

421 620 612 658 mentum
645 614 833 669 positum
867 613 958 656 erit.

481 692 750 749 Philosophi,
784 707 806 735 e
837 706 1018 748 quorum
1048 692 1219 747 scriptis
1243 691 1510 734 Scholiasta-e
1532 691 1788 738 hauserunt,

418 773 719 827 Neoplatonici
753 777 875 822 sunt,
908 773 982 826 qui
1014 772 1057 813 in
1086 771 1277 826 singulos
1305 771 1497 814 Platonis
1518 770 1651 814 libros
1674 784 1789 813 com-

418 853 654 895 mentarios
699 850 998 894 conficiebant.
1061 851 1112 893 In
1158 850 1339 893 Scholiis
1373 865 1502 906 saepe
1534 850 1787 893 nominatim

417 931 651 974 laudantur
688 945 723 974 e.
757 946 790 973 0.
830 931 1025 972 Plotinus
1059 930 1199 972 Schol.
1232 930 1360 983 Gorg.
1395 931 1481 972 507
1509 931 1544 971 D
1576 929 1785 985 Rep.V1:

417 1010 504 1053 498
524 1010 570 1057 B,
589 1009 852 1053 Iamblichus
871 1008 1009 1052 Schol.
1029 1008 1217 1065 Sophist.
1237 1009 1324 1051 216
1343 1009 1387 1051 Α.
1407 1008 1513 1064 Rep.
1531 1008 1610 1052 VI:
1629 1008 1716 1052 509
1736 1008 1785 1053 D.

416 1090 594 1132 Proclus
638 1089 778 1133 Schol.
822 1089 995 1132 Theaet.
1045 1088 1129 1131 155
1161 1088 1197 1131 B
1236 1089 1341 1144 Rep.
1375 1089 1464 1132 III:
1500 1089 1586 1131 398
1609 1088 1647 1131 A
1678 1089 1782 1131 Tim.

421 1170 471 1213 17
508 1170 542 1213 A
577 1169 635 1212 24
664 1169 700 1212 Α
735 1169 792 1212 25
816 1169 851 1212 A
883 1172 927 1212 et
958 1167 1013 1221 C,
1062 1167 1394 1225 Olympiodorus
1428 1167 1566 1212 Schol.
1602 1168 1783 1212 Phaedr.

414 1250 500 1291 227
525 1249 579 1300 A;
614 1249 787 1303 saepius
820 1249 949 1290 etiam
983 1262 1131 1290 eorum
1165 1248 1327 1303 scripta
1360 1248 1609 1302 expilantur
1640 1252 1782 1290 aucto-

413 1330 472 1371 ris
513 1330 683 1372 nomine
715 1329 873 1371 omisso
906 1343 939 1371 e.
974 1343 1006 1370 c.
1042 1327 1335 1383 Olympiodori
1368 1328 1703 1371 commentarius
1736 1328 1780 1370 in

413 1406 707 1456 Phaedonem,
746 1405 887 1448 Procli
920 1406 963 1448 in
997 1404 1300 1456 Theaetetum‚
1334 1405 1538 1448 Hermiae
1570 1406 1612 1448 in
1645 1405 1781 1449 Phae-

411 1487 559 1536 drum,
603 1486 743 1528 Procli
789 1491 831 1528 et
865 1484 1160 1540 Olympiodori
1191 1485 1236 1527 in
1268 1485 1536 1528 Alcibiadem
1569 1486 1781 1540 priorem,

410 1565 705 1621 Olympiodori
744 1565 788 1608 in
832 1565 1059 1620 Gorgiam,
1095 1564 1236 1608 Procli
1278 1565 1322 1607 in
1369 1565 1600 1608 Timaeum.
1653 1565 1778 1609 Prae-

409 1651 529 1688 terea
572 1645 859 1688 verisimiliter
898 1645 1038 1687 Procli
1071 1645 1378 1688 commentario
1412 1646 1456 1688 in
1489 1646 1623 1700 Leges
1658 1662 1778 1689 usum

408 1738 500 1766 esso
526 1722 811 1766 Scholiastam
836 1724 880 1765 in
903 1723 1087 1767 Scholiis
1111 1724 1165 1766 ad
1188 1724 1266 1766 hos
1288 1723 1422 1767 libros
1446 1724 1520 1767 Th.
1547 1725 1773 1768 Mettaueri

409 1803 632 1860 diligentia
664 1802 810 1846 docuit
837 1803 882 1845 in
906 1803 1219 1845 Dissertatione
1242 1803 1491 1859 Inaugurali
1514 1804 1779 1861 Philologica

408 1882 461 1925 de
494 1882 686 1925 Platonis
711 1881 980 1924 Scholiorum
1003 1881 1214 1936 fontibus,
1239 1882 1381 1925 Turici
1415 1883 1552 1938 1880,
1572 1884 1627 1926 ad
1652 1898 1777 1939 quem

406 1962 562 2003 librum
596 1975 669 2004 eos
703 1961 917 2016 relegatos
951 1961 1066 2011 volo,
1099 1962 1172 2016 qui
1194 1962 1323 2016 plura
1345 1962 1398 2004 de
1421 1963 1501 2005 hoc
1525 1969 1777 2018 argumento

406 2053 666 2095 cognoscere
699 2039 888 2095 cupiunt.

466 2121 529 2162 De
562 2120 637 2171 iis,
671 2134 784 2174 quae
817 2120 1101 2174 undecunque
1135 2134 1312 2163 corrasa
1346 2127 1466 2171 sunt,
1500 2122 1606 2165 haec
1629 2123 1777 2166 obser-

405 2212 528 2241 vasse
575 2196 773 2240 sufficiat.
820 2197 884 2239 Ex
925 2197 1142 2241 historicis
1175 2198 1375 2241 laudatos
1407 2199 1644 2243 invenimus
1677 2200 1774 2244 Hel-

404 2277 591 2320 lanicum
637 2277 776 2319 Schol.
822 2277 1015 2332 Sympos.
1052 2278 1139 2318 208
1166 2278 1201 2319 D
1235 2278 1306 2331 (cf.
1341 2278 1509 2330 Mffller,
1543 2279 1593 2321 fr.
1626 2280 1775 2322 histor.

402 2372 466 2413 gr.
501 2357 533 2399 Ι.
567 2356 639 2399 47.
678 2357 740 2399 10.
775 2355 940 2411 Proleg.
974 2371 1042 2411 pg.
1071 2360 1201 2410 xxvl)
1226 2362 1269 2400 et
1298 2357 1600 2401 Manethonem
1634 2358 1775 2402 Schol.

402 2436 507 2478 Tim.
542 2436 595 2477 21
628 2435 664 2476 Ε
697 2436 759 2489 (ἐκ
791 2439 866 2476 τῶν
899 2436 1067 2478 Mauso&
1101 2437 1426 2492 Αἷγυπτιοικῶν);
1461 2442 1552 2479 tum
1585 2438 1774 2480 auctoris

403 2516 573 2557 nomine
608 2515 768 2557 omisso
800 2514 1053 2568 Phlegontis
1086 2515 1292 2557 Tralliani
1325 2517 1607 2564 Ὀλυμπιαὲδκς
1637 2518 1658 2565 ἢ
1681 2533 1775 2569 χρο-

402 2596 488 2636 vimi
532 2592 672 2636 Schol.
716 2592 820 2649 Rep.
866 2592 933 2635 V:
976 2593 1065 2635 465
1099 2593 1134 2635 D
1175 2593 1243 2647 (cf.
1277 2593 1433 2638 Miiller
1465 2594 1521 2639 l.l.
1557 2595 1631 2638 III.
1666 2595 1773 2653 603)

401 2674 595 2728 aliosque
638 2686 746 2727 quos
785 2673 1033 2728 ignoramus
1078 2672 1148 2725 (cf.
1189 2672 1328 2715 Schol.
1367 2673 1472 2729 Rep.
1511 2674 1573 2717 V:
1613 2676 1702 2717 453
1734 2676 1772 2718 D

401 2753 532 2797 VIII:
580 2753 668 2795 566
702 2753 739 2793 A
788 2757 831 2794 et
863 2751 927 2805 C).
977 2751 1160 2795 Glossae
1198 2753 1512 2809 geographicae
1546 2756 1769 2798 desumtae
