2057 3375
906 308 961 350 31

254 447 410 493 Suidas
456 447 588 492 habet
635 462 688 491 ea
722 460 812 504 'per
858 446 1110 503 Dionysium
1154 446 1238 503 (vel
1279 446 1559 503 Pausaniam)
1592 460 1615 489 e

252 528 519 582 Diogeniano
550 527 594 568 in
625 527 851 576 Photium,
882 526 982 567 inde
1013 526 1057 567 in
1088 525 1262 567 Suidam
1286 525 1550 579 pervenisse3
1572 526 1618 567 in

254 621 304 650 eo
348 606 478 650 etiam
526 604 730 649 differunt
776 605 945 661 glossae
993 603 1260 648 Soholiastae
1308 602 1386 663 (=
1421 603 1538 660 Hes.)
1576 608 1619 647 et

256 684 435 734 Samae,
484 686 599 740 quod
647 686 762 740 apud
811 685 925 726 huno
970 689 1056 726 est:
1099 690 1148 736 τῇ
1190 684 1334 737 δεκάτη
1375 684 1415 725 δὲ
1446 683 1617 733 τοῦνομα

254 766 436 809 τίθενται.
490 764 555 809 Cf.
603 764 862 820 Harpocrat.
915 779 950 807 v.
989 763 1317 816 ἓβδομευομένου,
1349 762 1616 814 Sohomann,

255 844 422 888 Griech.
454 844 634 888 Alterth.
668 843 711 888 11
742 859 809 900 pg.
843 844 943 887 563.
976 843 1013 885 A
1059 843 1261 899 Dionysio
1295 846 1347 897 (s.
1380 843 1618 898 Pausania)

255 923 396 966 locum
430 926 624 966 nostrum
653 936 677 965 e
704 922 885 966 Platone
915 922 1109 965 additum
1130 922 1263 965 fuisse
1285 922 1417 965 credo
1440 927 1621 978 propter

256 1001 494 1058 Etymolog.
533 1002 588 1044 M.
619 1016 655 1044 v.
686 1000 959 1055 άμφιδρόμια·
997 1035 1005 1043 .
1023 1034 1034 1044 .
1054 1033 1064 1043 .
1103 1002 1148 1043 τὸ
1181 1001 1212 1043 δ’
1243 1001 1341 1043 αὐτὸ
1373 1005 1519 1044 ποιοῦσι
1551 1001 1618 1043 καὶ

256 1080 364 1132 μετὰ
406 1086 544 1130 σκευῆς
588 1080 643 1123 τά
683 1080 815 1134 βρέφη
858 1080 943 1133 περὶ
988 1081 1058 1129 την
1095 1080 1229 1122 ἑστίαν
1261 1079 1529 1133 περιφέροντες
1549 1111 1559 1122 .
1583 1113 1592 1123 .
1610 1114 1619 1123 .

256 1160 456 1211 μέμνηται
504 1160 675 1202 Πλάτων
719 1161 756 1201 ἐν
801 1160 1029 1211 Θεαιτήτῳ·
1079 1163 1205 1201 Τοῦτο
1251 1160 1323 1208 μὲν
1363 1159 1407 1207 δη
1449 1160 1531 1201 κτὲ.
1565 1158 1619 1202 of.

257 1239 358 1283 Lex.
390 1240 496 1283 rhet,
529 1239 663 1282 Bekk.
696 1240 798 1290 207,
837 1240 902 1283 13.
956 1238 1212 1295 Harpocrat.
1246 1253 1282 1283 v.
1315 1239 1578 1294 ἀμφιδρόμιοι.

319 1318 459 1362 Schol.
482 1318 675 1375 Sympos.
697 1320 779 1361 191
795 1319 834 1361 D
859 1319 1026 1372 ἷχθύδιόν
1043 1335 1080 1360 τι
1097 1323 1171 1360 τῶν
1188 1319 1371 1361 πλατέων
1389 1321 1411 1369 ἡ
1432 1323 1617 1371 ψῆττα,

258 1400 301 1441 ἐκ
327 1399 390 1442 δύο
415 1398 614 1451 δερμάτων
637 1400 864 1446 συγκεῖσθαι
889 1400 958 1448 την
975 1399 1077 1441 ἰδέαν
1093 1399 1245 1449 δοκοῦν,
1263 1399 1285 1441 δ’
1297 1415 1396 1445 τινες
1414 1398 1620 1441 σανδάλιον

257 1478 454 1530 λέγουσιν,
491 1479 521 1521 οἱ
545 1478 583 1521 δὲ
610 1478 888 1529 βούγλωσσον·
911 1482 1039 1525 κακῶς
1057 1478 1118 1522 δέ·
1146 1476 1260 1521 ἄλλα
1276 1477 1355 1532 γάρ
1372 1478 1454 1521 ἐστι
1471 1482 1619 1522 ταῦτα.

321 1557 576 1613 Diogeniani
623 1558 786 1614 glossa,
830 1572 960 1614 quam
1004 1559 1143 1601 minus
1184 1559 1397 1614 integram
1439 1559 1623 1602 servavit

258 1637 511 1692 Hesychius.
544 1638 595 1680 cf.
630 1637 784 1680 Suidas
816 1638 861 1680 in
891 1652 1005 1681 voce.

322 1716 461 1759 Schol.
493 1716 709 1759 Anterast.
745 1716 831 1760 135
858 1716 895 1759 E
925 1717 1182 1759 πένταθλοι
1222 1717 1254 1759 οἱ
1289 1716 1353 1759 τόν
1386 1718 1527 1767 άγῶνα
1557 1716 1624 1758 τὸν

259 1796 473 1838 πένταθλον
504 1795 789 1847 ἀγωνιζόμενοι.
824 1795 909 1838 ἔστι
945 1796 1026 1847 γὰρ

439 1873 652 1920 πένταθλος
684 1872 792 1922 οὗτος
824 1879 903 1921 τοῖς
938 1875 1029 1921 νέοις
1062 1874 1218 1925 άγωνία

440 1954 576 2009 πάλη,
609 1954 808 2005 σίγυννος,
843 1952 982 2004 ἅλμα,
1015 1954 1141 2001 δίσκος
1172 1954 1239 1996 καὶ
1272 1954 1419 2007 δρόμος.

258 2035 432 2085 σίγυννος
466 2032 505 2075 δέ
538 2033 618 2076 ἔστι
650 2031 789 2083 ξυστὸν
820 2032 924 2084 δόρυ·
954 2034 1047 2085 παρ’
1073 2032 1256 2086 Ἡροδότῳ
1286 2033 1390 2076 δὲτὸ
1415 2033 1625 2087 ὁλοσίδηρον

258 2113 442 2155 ἀκόντιον.
487 2112 615 2161 πέλτη
656 2112 694 2153 δὲ
726 2112 849 2159 άσπὶς
882 2111 965 2155 ἴτυν
997 2114 1063 2154 οὐκ
1095 2113 1247 2164 ἔχουσα
1281 2112 1318 2169 [ἢ
1353 2114 1621 2165 τετράγωνος,

259 2191 302 2241 ἣν
333 2193 365 2234 οἱ
396 2196 601 2245 φοροῦντες
635 2190 819 2241 λέγονται
853 2192 1106 2247 πελτασταί,
1146 2192 1169 2242 ἢ
1203 2191 1383 2249 τοξόται,
1418 2192 1441 2242 ἢ
1473 2193 1506 2235 οἱ
1537 2193 1625 2240 τοὺς

259 2270 423 2320 ξυστοὺς
455 2270 724 2326 κατέχοντες]

321 2349 449 2404 Apud
481 2349 703 2392 Platonem
735 2349 915 2405 legitur:
961 2350 1080 2396 δοκεῖς
1115 2350 1193 2402 γάρ
1225 2366 1289 2401 μοι
1323 2350 1454 2401 λέγειν
1485 2348 1556 2404 οἷον
1587 2352 1625 2393 ἐν

260 2436 309 2483 τῇ
351 2429 505 2484 ἀγωνία
537 2427 630 2471 εἷο-ἰν
662 2429 694 2471 οἱ
727 2428 934 2471 πένταθλοι
968 2429 1058 2482 πρὸς
1090 2429 1180 2476 τοὺς
1213 2430 1461 2475 παλαιστάς.
1516 2429 1626 2481 Quid

264 2508 538 2551 Scholiasta?
580 2507 823 2562 Adseripsit
856 2508 911 2550 ad
945 2507 1058 2551 hunc
1089 2508 1229 2550 locum
1261 2512 1408 2551 notum
1440 2510 1626 2552 versicu-

261 2587 374 2640 lum,
425 2587 493 2630 cui
535 2587 915 2643 interpretationes
959 2587 1126 2630 addidit
1165 2602 1219 2630 ex
1262 2587 1525 2644 Diogeniano
1570 2591 1624 2645 (s.

262 2667 480 2724 Hesych.).
541 2666 651 2719 Quid
693 2666 806 2710 enim
847 2667 1023 2723 σίγυνος,
1067 2667 1169 2723 quid
1207 2668 1333 2717 πέλτη
1367 2668 1444 2721 sit,
1475 2669 1626 2712 iisdem

261 2748 405 2791 verbis
453 2748 570 2803 apud
616 2746 799 2803 Hesyeh.
849 2747 1110 2803 explicatum
1157 2747 1371 2800 videmus,
1419 2748 1627 2793 Herodoti
