2057 3375
916 325 969 368 77

262 481 433 524 quoque
480 466 725 510 Scholiasta
756 465 1010 508 utilissimas
1050 465 1211 519 χρήσεις
1254 465 1419 515 omisit,
1456 466 1515 508 nil
1546 466 1628 509 nisi

261 548 379 590 nuda
426 548 810 601 interpretamenta
858 559 1094 600 apponens.
1173 545 1392 601 Integram
1440 546 1626 600 glossam

262 625 445 670 servavit
481 625 681 669 Photius:
728 623 998 678 τευτάζειν·
1032 624 1388 677 πραγματεύεσθαι
1422 624 1444 675 ἢ
1478 642 1626 668 σκευω-

260 706 403 758 ρεῖσθαι
447 704 468 753 ἢ
513 703 830 756 στραγγεύεσθαι
869 702 935 744 καὶ
970 704 1070 744 πολὺ
1103 703 1312 756 διατρίβειν
1346 705 1385 745 ε’ν
1420 706 1474 755 τῷ
1507 706 1626 756 αὐτῷ.

262 785 478 838 Λυκόφρων
509 782 627 829 οὕτως
659 783 726 825 καὶ
762 783 958 834 Δίδυμος,
1002 784 1173 835 προσθεὶς
1206 783 1262 825 ἔτι
1299 784 1416 825 ἐνίοτε
1447 784 1627 834 σημαίνει

261 863 327 908 καὶ
355 863 399 907 τὸ
425 860 650 917 φροντίζειν.
684 861 903 915 Ἡρακλέων
929 861 969 905 δὲ
993 861 1370 916 καταμεμψάμενος
1388 860 1625 917 Λυκόφρονα

262 946 383 997 φησιν
430 938 526 983 εἶναι
573 941 617 983 τὸ
667 940 909 993 ἐπιστρεφῶς
960 956 997 982 τι
1040 940 1225 993 πράττειν
1271 940 1293 990 ἢ
1338 941 1525 993 ἐνεργεῖν·
1560 943 1626 982 καὶ

263 1022 538 1074 Ἀρτεμίδωρος
570 1021 615 1063 τὸ
648 1019 873 1073 φροντίζειν.
905 1021 1091 1073 Φρύνιχος
1124 1021 1335 1068 Μύσταις·

442 1098 631 1150 μάστιγα
664 1098 697 1140 δ’
729 1099 768 1141 ἐν
800 1102 930 1152 χεροῖν
962 1098 1064 1152 ἔχων
1096 1098 1345 1152 τευτάζεται.

263 1179 432 1222 Πλάτων
465 1180 666 1231 Ξαντρίαις
682 1192 692 1202 ·

442 1256 484 1308 ἦν
516 1258 560 1308 δὴ
592 1257 745 1310 θόρυβος
777 1256 1054 1310 τευταζόντων.

262 1336 349 1379 άντὶ
382 1340 449 1379 τοῦ
482 1335 872 1388 πραγματευομένων
907 1336 929 1385 ἢ
962 1335 1245 1389 διατριβόντων.
1279 1336 1356 1379 Καὶ
1386 1337 1424 1378 ε’ν
1442 1338 1627 1389 Τιμαίῳ·

263 1416 318 1469 τῷ
356 1415 428 1466 μὲν
460 1411 520 1458 οὖν
553 1414 637 1466 περὶ
671 1415 747 1463 τὰς
779 1413 986 1466 ἐπιθυμίας
1019 1414 1040 1464 ἢ
1074 1416 1314 1469 φιλονεικίας
1346 1416 1598 1459 τετευτακότι
1615 1432 1625 1442 ·

261 1491 333 1538 οἷον
366 1494 645 1547 διατετριφότι.
680 1493 885 1548 Γράφεται
916 1493 982 1535 καὶ
1016 1494 1294 1537 τεταυτακότι.
1328 1496 1591 1545 Τηλεκλείδης
1610 1510 1618 1519 ·

441 1574 588 1619 πάντες
621 1574 660 1614 δὲ
691 1572 941 1626 τευτάζουσιν
973 1574 1005 1615 οἱ
1037 1573 1212 1616 διάκονοι.

261 1653 348 1696 άντὶ
381 1657 449 1696 τοῦ
481 1652 862 1704 πραγματεύονται,
895 1656 1183 1705 σκευωροῦνται.
1219 1653 1481 1708 Φερεκράτης·

321 1733 338 1775 ὅ
371 1733 408 1775 δὲ
440 1732 570 1775 παῖδα
600 1737 722 1775 καλεῖ
747 1732 813 1774 καὶ
848 1732 1027 1785 τευτάζει
1056 1733 1178 1785 τούτῳ
1205 1733 1353 1776 δεῖπνον
1379 1736 1623 1785 παραθεῖναι.

261 1812 449 1861 Σημαίνει
484 1812 521 1853 δὲ
553 1811 620 1852 καὶ
651 1812 695 1853 τὸ
726 1810 978 1864 σπουδάζειν·
1018 1813 1226 1858 Πολιτείας
1257 1811 1317 1864 ζ’·
1354 1814 1418 1853 καὶ
1453 1814 1497 1854 τὸ
1530 1815 1622 1861 ἥσυ-

259 1890 413 1944 χάζειν.
456 1891 521 1933 καὶ
564 1890 787 1944 τευτάζων,
820 1891 864 1933 τὸ
897 1891 995 1934 αὐτὸ
1026 1892 1088 1934 del
1121 1891 1270 1943 λέγων,
1305 1896 1504 1946 φλυαρῶν.
1560 1891 1622 1936 Cf.

259 1969 418 2013 Naber.
462 1971 517 2012 ad
560 1970 673 2012 hanc
711 1970 790 2025 gl„
832 1969 908 2025 qui
940 1971 1145 2023 originem
1178 1972 1404 2026 perspicue
1436 1972 1623 2015 indicat:

264 2048 467 2102 „Photius
499 2050 669 2105 accepit
701 2063 729 2092 a
750 2049 932 2102 Boetho,
955 2049 1145 2092 Boethus
1170 2064 1196 2092 a
1224 2049 1460 2106 Pamphilo.
1498 2051 1624 2093 Pam-

260 2127 425 2183 philum
456 2128 659 2171 laudasse
692 2128 884 2171 novimus
919 2129 1170 2185 Didymum,
1202 2128 1543 2182 Artemidorum,
1577 2136 1622 2173 et

259 2207 593 2259 Heracleonem3
632 2207 839 2263 Didymus
871 2207 1114 2263 usurpabat
1144 2207 1508 2264 Lycophronem.”
1555 2208 1617 2251 Cf.

259 2285 422 2342 Proleg.
456 2286 512 2329 ad
541 2285 665 2329 Phot.
687 2301 755 2342 pg.
779 2287 849 2338 66,
870 2286 1094 2330 Ruhnken.
1118 2287 1174 2330 ad
1195 2286 1367 2330 Timaei.
1391 2288 1470 2331 lex.
1494 2289 1537 2330 in
1563 2303 1598 2331 v,
1614 2322 1623 2340 ,

260 2364 475 2417 Schmidt,
508 2365 679 2421 Didymi
711 2364 862 2421 fragm.
894 2380 962 2421 pg.
994 2366 1065 2409 46.
1099 2365 1328 2422 Phrynichi
1360 2366 1500 2408 locum
1528 2367 1621 2409 vide

260 2444 377 2500 apud
419 2444 603 2487 Meinek.
648 2444 764 2488 Com.
796 2444 851 2487 ΙΙ.
890 2444 1003 2497 594,
1037 2445 1228 2488 Platonis
1260 2445 1311 2487 II.
1350 2446 1458 2497 646,
1502 2445 1622 2488 Tele-

259 2522 382 2565 clidis
424 2522 478 2564 II.
511 2522 622 2574 375,
657 2522 927 2565 Pherecratis
958 2523 1012 2565 ΙΙ.
1047 2522 1147 2565 354.
1179 2523 1372 2565 Platonis
1403 2523 1487 2565 loci
1523 2528 1622 2567 sunt

259 2601 417 2644 Timae.
448 2601 507 2643 90
538 2601 596 2652 B,
631 2600 733 2656 Rep.
767 2600 869 2643 VII:
902 2601 987 2644 521
1013 2602 1071 2653 Ε,
1104 2601 1268 2645 Phileb.
1301 2603 1359 2645 56
1382 2602 1427 2644 E.

318 2678 420 2723 ibid.
453 2680 511 2722 60
535 2679 571 2721 D
603 2675 647 2722 οἷ
673 2679 970 2732 περισπωμένως
1003 2680 1152 2733 ἑαυτῷ,
1185 2682 1233 2726 ὡς
1267 2681 1457 2722 ἐνταῦθα·
1490 2680 1620 2730 ὀξυτό-

260 2776 330 2807 νως
361 2760 401 2802 δὲ
435 2758 580 2806 οἵτινες.
613 2760 793 2810 σημαίνει
826 2760 865 2802 δὲ
896 2759 962 2801 καὶ
996 2759 1039 2801 τὸ
1071 2758 1166 2802 ὅποι.
