2057 3375
1005 354 1031 396 6

334 490 481 534 hibitis
512 492 666 535 Boethi
697 493 845 536 lexicis
867 493 1126 550 Platonicis,
1158 494 1210 538 cf.
1233 494 1429 538 Naberus
1458 494 1622 551 Proleg.
1650 495 1708 538 ad

333 571 476 614 Photii
517 572 684 616 lexicon
726 588 793 629 pg.
833 574 909 624 18,
946 574 1067 628 671).
1133 574 1272 617 Huius
1304 575 1562 631 Diogeniani
1593 575 1707 631 glos-

335 664 409 693 sae
435 651 583 694 insunt
604 657 649 694 et
670 653 715 693 in
737 652 918 695 Scholiis
942 653 1175 696 Platonicis
1199 658 1241 696 et
1263 655 1305 696 in
1335 654 1475 697 Photii
1499 655 1636 697 lexico
1654 654 1706 709 2);

377 895 415 939 1)
448 896 551 940 Hugo
582 896 759 930 Weberus
795 897 853 940 (de
890 897 1057 941 Hesychii
1093 898 1136 931 ad
1168 897 1358 942 Eulogium
1382 898 1551 941 epistula,
1577 898 1708 932 Vimar.

332 959 432 992 1865.
476 960 802 1003 Untersuchungen
834 962 924 994 iiber
958 962 1020 993 das
1051 962 1204 994 Lexicon
1235 962 1295 994 des
1328 962 1477 1004 Hesych.
1511 963 1547 994 in
1582 963 1708 995 Philol.

334 1023 456 1065 Suppl.
482 1024 546 1056 vol.
573 1024 637 1056 111.
662 1034 718 1067 pg.
743 1023 939 1066 451—624,
975 1025 1078 1067 impr.
1108 1035 1164 1068 pg.
1188 1024 1250 1057 551
1278 1025 1393 1067 seqq.)
1417 1025 1602 1073 contendit
1625 1025 1708 1057 Dio-

332 1088 528 1129 genianum
562 1088 680 1128 ipsum
706 1107 752 1111 —
774 1098 847 1120 non
874 1089 1090 1130 Hesychium
1115 1107 1160 1111 —
1184 1089 1309 1121 Boethi
1334 1089 1459 1121 lexicis
1485 1098 1590 1120 usum
1614 1098 1707 1128 esse,

332 1151 374 1182 ad
401 1160 510 1191 quam
533 1150 738 1191 opinionem
762 1151 982 1192 probandam
999 1151 1101 1183 affert
1117 1151 1295 1193 longiores
1313 1151 1438 1183 Boethi
1456 1151 1708 1192 explicationes

332 1213 520 1255 plerasque
554 1214 683 1246 misere
718 1218 921 1247 contractas
953 1223 1030 1246 esse
1063 1224 1092 1246 e.
1125 1224 1155 1247 c.
1188 1211 1352 1250 παιδικά,
1384 1212 1622 1251 Παναθήναια,
1646 1212 1708 1250 τῆν

332 1275 467 1314 ἄλλως,
502 1276 705 1320 τευτάζειν,
740 1277 833 1316 ὁμοῦ.
889 1277 980 1310 Tum
1015 1277 1227 1320 Diogeniani
1263 1278 1332 1310 duo
1369 1287 1475 1319 opera
1511 1278 1709 1319 exstitisse,

332 1340 485 1374 alterum
509 1341 664 1384 lexicon,
689 1339 996 1383 Περιεργσπένητες
1021 1341 1253 1385 inscriptum,
1280 1341 1372 1385 quod
1392 1339 1590 1385 Hesychius
1607 1340 1708 1374 adhi-

332 1406 468 1446 buerit,
493 1406 647 1438 alterum
672 1407 850 1447 epitomen
868 1417 910 1439 ex
928 1407 1104 1448 Pamphili
1124 1407 1294 1439 thesauro
1315 1409 1519 1447 excerptam
1536 1406 1710 1447 hodieque

333 1469 562 1511 deperditam.
611 1469 770 1508 Quarum
807 1468 951 1502 Weberi
983 1469 1195 1512 opinionum
1231 1468 1318 1501 mihi
1357 1469 1515 1502 innotuit
1548 1469 1635 1501 haec
1667 1478 1708 1501 ex

335 1532 426 1564 libro
451 1533 545 1565 laud.
569 1533 733 1574 Leopoldi
759 1532 859 1565 Cohn
885 1543 939 1576 pg.
964 1532 1049 1575 342,
1076 1533 1138 1574 qui
1164 1533 1306 1574 probat,
1326 1533 1386 1565 illa
1404 1543 1445 1565 ex
1463 1533 1711 1565 dissertatione

336 1595 526 1627 Mettaueri
551 1606 606 1638 pg.
630 1595 691 1637 90,
718 1597 779 1637 qui
805 1597 999 1637 improbat,
1025 1597 1195 1638 oppositis
1219 1597 1347 1638 glossis
1364 1596 1577 1637 quibusdam
1594 1595 1710 1636 copio-

335 1660 385 1692 sis
421 1660 515 1692 velut
539 1659 725 1701 Ἡρακλεία
750 1658 856 1698 λίθος,
882 1658 970 1692 αὐτὸ
996 1658 1119 1703 δείξει,
1141 1660 1185 1693 al.
1222 1659 1311 1693 Utut
1337 1664 1409 1701 est,
1435 1660 1473 1692 in
1498 1659 1709 1703 Diogeniani

334 1733 454 1765 opere,
482 1725 575 1766 quod
595 1724 632 1756 in
652 1724 817 1767 Hesychii
836 1724 1044 1756 recensione
1061 1727 1240 1765 superest,
1260 1724 1393 1767 glossas
1410 1723 1536 1756 Boethi
1552 1724 1710 1767 integras

335 1788 389 1820 vel
414 1788 560 1821 mutilas
585 1788 703 1821 inesse
727 1791 876 1821 constat.
903 1788 945 1821 cf.
973 1788 1123 1830 Hesyeh.
1149 1798 1181 1820 v.
1207 1785 1263 1819 διὰ
1287 1786 1423 1819 πάντων
1446 1785 1568 1828 κριτής.

380 1851 417 1893 2)
452 1851 601 1884 Saeculo
633 1862 727 1884 nono
760 1851 909 1884 Photius
940 1851 1016 1893 ille,
1044 1852 1105 1893 qui
1130 1854 1251 1893 postea
1274 1850 1483 1884 Patriarcha
1506 1850 1710 1883 Constanti-

334 1917 564 1958 nopolitanus
589 1917 703 1949 factus
729 1920 799 1959 est,
827 1914 949 1959 λέξεων
974 1914 1181 1957 συναγωγήν
1206 1916 1421 1958 composuit,
1446 1916 1489 1948 de
1513 1926 1582 1957 quo
1599 1915 1711 1948 lexico

336 1981 516 2013 uberrime
554 1981 717 2023 exposuit
754 1979 918 2013 Naberus
959 1981 996 2013 in
1037 1980 1302 2023 Prolegomenis
1338 1980 1381 2012 ad
1417 1980 1536 2012 Photii
1572 1980 1708 2012 lexicon

336 2045 480 2086 (Leidae
504 2043 626 2086 1864);
659 2045 893 2077 continentur
917 2045 983 2077 hoc
1008 2045 1120 2077 lexico
1145 2045 1343 2077 secundum
1367 2044 1551 2077 Naberum
1574 2043 1708 2086 Proleg.

336 2118 391 2150 pg.
417 2107 452 2139 7:
489 2111 654 2149 „praeter
690 2109 823 2150 glossas
859 2107 1095 2149 adventiciam,
1130 2111 1295 2149 excerpta
1328 2117 1346 2139 e
1377 2107 1500 2140 lexicis
1524 2106 1710 2139 rhetoricis

335 2172 425 2204 Aelii
452 2171 609 2215 Dionysii
634 2175 668 2204 et
693 2172 910 2212 Pausaniae,
945 2172 1105 2213 Epitome
1130 2181 1222 2214 quae
1246 2172 1378 2204 dicitur
1403 2171 1707 2213 Harpocrationis,

335 2236 460 2268 Boethi
493 2239 688 2277 utrumque
719 2236 858 2268 lexicon
892 2235 1134 2278 Platonicum,
1171 2235 1355 2277 Timaeus,
1389 2235 1544 2277 denique
1575 2235 1710 2278 glossae

336 2300 536 2331 homericae
553 2303 588 2332 et
605 2300 741 2342 aliquot
758 2300 894 2342 glossae
911 2301 1064 2332 sacrae.”
1084 2299 1290 2332 Secundum
1303 2299 1543 2332 Schmidtium
1568 2300 1709 2339 Quaest.

335 2362 486 2405 Hesych.
515 2373 570 2406 pg.
596 2371 658 2396 xm
684 2363 834 2396 Photius
860 2364 896 2395 in
925 2373 1039 2396 unum
1063 2363 1230 2396 conflavit
1252 2373 1359 2405 „cum
1383 2363 1592 2407 Diogeniani
1617 2363 1709 2406 glos-

334 2428 383 2459 sis
407 2428 547 2460 selectis
574 2428 781 2471 Dionysium
802 2427 984 2469 juniorem
1009 2432 1044 2460 et
1061 2428 1278 2461 Pausaniam
1295 2428 1492 2470 Atticistas,
1515 2429 1710 2461 lexicorum

334 2491 594 2524 rhetoricorum
628 2495 790 2524 auctores
824 2491 1023 2525 Eudemum
1056 2495 1091 2525 et
1124 2492 1300 2525 Zosimnm
1335 2492 1525 2535 Gazaeum,
1557 2492 1710 2535 denique

332 2556 511 2589 Boethum
536 2560 571 2590 et
595 2557 780 2590 Timaeum
805 2558 1041 2590 Platonicos.''
1079 2558 1190 2590 Hodie
1213 2558 1317 2591 nobis
1342 2558 1459 2591 Photii
1481 2559 1618 2591 lexicon
1636 2568 1708 2590 non

332 2622 484 2662 amplius
519 2622 701 2664 integrum
735 2625 914 2663 superest,
952 2631 1078 2654 verum
1113 2622 1258 2654 dimidia
1293 2626 1393 2664 parte
1426 2623 1583 2664 interiit3
1616 2623 1708 2665 quod

333 2686 503 2717 damnum
537 2686 794 2727 quodammodo
830 2685 996 2719 resarciri
1036 2690 1150 2727 potest
1179 2687 1303 2719 lexicis
1337 2686 1483 2727 Suidae,
1514 2686 1707 2729 Etymologi

333 2749 470 2792 Magni,
498 2749 731 2781 Bachmanni.
774 2749 868 2781 Nam
894 2748 1021 2782 Suidas
1046 2750 1275 2792 integriorem
1300 2750 1431 2782 Photit
1443 2750 1598 2782 codicem
1621 2759 1709 2782 nac-

331 2818 404 2854 tus,
432 2823 540 2855 quam
565 2823 628 2845 nos
654 2814 757 2846 hodie
782 2817 964 2856 tenemus,
991 2824 1074 2846 cum
1099 2814 1298 2856 pulvisculo
1315 2815 1353 2846 in
1372 2823 1473 2846 suam
1493 2814 1709 2857 farraginem
