2057 3375
908 349 962 390 57

257 486 335 530 Ms.
383 487 524 530 donne
569 486 761 538 ἐπέταξεν
807 501 864 531 au
910 487 998 531 lieu
1040 488 1093 532 de
1136 487 1383 539 gmzrxgwl‘
1420 505 1424 508 ·
1456 488 1617 531 Versus

257 565 443 608 nondum
477 565 639 622 recepit
671 565 829 609 Theod.
864 565 987 609 Koek
1020 567 1065 609 in
1086 566 1357 611 Comicorum
1382 565 1620 609 Atticorum

255 645 518 700 fragmentis.
582 645 724 687 Etiam
769 646 830 688 sie
860 660 1009 689 versus
1043 647 1247 689 constitui
1279 660 1407 700 posse
1440 660 1507 688 me
1540 645 1617 688 ad-

256 728 401 768 monet
433 723 496 768 vir
530 723 794 769 clarissimus
826 738 906 768 van
939 723 1220 769 Herwerden:

399 804 590 856 Ἀχιλεὺς
622 803 655 845 δ’
688 804 751 845 ἐπὶ
784 805 912 857 κόρρης
946 806 1064 846 αὐτὸν
1095 806 1203 850 εὐθὺς
1239 806 1494 851 <νοινικῶς>

400 883 624 934 ἐπάταξεν,
659 883 758 927 ὥστε
791 889 867 937 πῦρ
897 886 1126 938 ἀπέλαμψε
1158 889 1232 928 τῶν
1266 885 1431 936 γνάθων.

255 977 355 1007 nam
387 963 747 1019 praepositionem
780 964 823 1006 ἐκ
854 963 1008 1020 procul
1039 962 1170 1008 dubio
1206 964 1366 1008 rectius
1399 963 1545 1008 deleri.

316 1043 453 1085 Schol.
488 1043 615 1097 Hipp.
650 1043 750 1084 Min.
782 1044 870 1085 368
903 1051 939 1085 A
944 1075 1071 1085 .....
1104 1045 1264 1092 λήκυθον
1296 1045 1334 1085 δὲ
1372 1045 1541 1094 ἀγγεῖόν
1581 1045 1621 1086 τί

254 1128 378 1175 φασιν
420 1122 616 1176 Ἀττικοί,
659 1123 697 1164 ἐν
741 1119 768 1176 ᾧ
811 1128 889 1168 τοῖς
933 1129 1071 1174 νεκροῖς
1115 1123 1249 1177 ἔφερον
1293 1123 1337 1165 τὸ
1369 1124 1508 1175 μύρον,
1546 1124 1617 1171 τὴν

253 1201 583 1254 ἀλάβαστρον.
600 1202 802 1253 ἀρσενικῶς
814 1202 852 1244 δὲ
869 1202 934 1245 τὸν
950 1202 1268 1255 ἀλάβαστρον
1285 1199 1392 1245 εἷπεν
1404 1203 1617 1255 Ἡρόδοτος.

316 1280 479 1323 Similia
502 1280 689 1323 Photius.
707 1281 874 1324 Aelium
892 1281 1142 1337 Dionysium
1159 1281 1213 1324 de
1231 1282 1312 1325 hac
1329 1296 1430 1324 voce
1449 1283 1608 1325 dixisse

257 1358 385 1402 docet
426 1359 683 1402 Eustathius
726 1375 766 1415 p.
805 1360 915 1402 1161
932 1393 944 1412 ,
977 1360 1047 1402 30.
1086 1359 1149 1403 Cf.
1182 1359 1326 1403 Naber
1356 1360 1520 1416 Proleg.
1551 1375 1620 1416 pg.

255 1438 313 1481 63
346 1441 390 1481 et
421 1452 555 1494 supra
586 1452 655 1494 pg.
693 1439 759 1481 17.

315 1517 455 1562 Schol.
496 1518 599 1574 Rep.
632 1518 673 1562 I:
707 1518 795 1561 344
826 1518 864 1561 A
907 1517 1033 1562 ὅσιοι·
1077 1518 1166 1562 ὅσιοι
1197 1520 1252 1563 τοὶ
1283 1520 1473 1571 βέβηλοι,
1508 1521 1561 1568 εἷς
1592 1518 1621 1563 ἅ

255 1599 357 1641 ἐστιν
389 1598 568 1647 εἰσιέναι,
602 1599 652 1645 ὡς
682 1598 966 1651 Ἀριστοφάνης
998 1600 1276 1653 Λυσιστράτῃ·

434 1675 461 1720 ὦ
498 1677 622 1720 πότνι’
654 1678 839 1721 Εἰλείθυι’
876 1679 1045 1731 ἐπίσχες
1078 1683 1146 1721 τοῦ
1178 1679 1315 1729 τόκου,

435 1755 502 1803 ἕως
543 1755 592 1799 ἂν
623 1757 676 1804 εἷς
708 1755 805 1800 ὅσιον
837 1757 996 1801 ἀπέλθω
1026 1758 1179 1812 χωρίον.

254 1835 320 1878 καὶ
353 1833 440 1878 ὅσιοι
472 1836 669 1889 χρήματα
700 1837 755 1879 τοὶ
787 1838 846 1887 μὴ
877 1835 974 1889 ἱεροὶ.
1013 1836 1178 1888 λέγεται
1211 1837 1338 1880 δὲκαὶ
1361 1837 1406 1879 τὸ
1429 1837 1623 1880 Διονύσιον

254 1915 364 1959 ὅσιον.

315 1994 443 2051 Apud
486 1994 608 2039 Phot.
651 1998 695 2038 et
737 1994 852 2039 Suid.
896 1995 1046 2039 eadem
1090 1996 1296 2052 leguntur
1337 1996 1382 2040 in
1420 2011 1455 2040 v.
1499 1995 1622 2040 ὅσιον

255 2076 438 2129 χωρίον.
488 2075 613 2119 Unde
645 2075 807 2118 factum
841 2075 915 2125 sit,
950 2078 998 2117 ut
1029 2074 1185 2119 Suidas
1214 2077 1327 2119 idem
1348 2076 1465 2120 istud
1488 2081 1623 2121 Διονύ-

255 2171 332 2197 σιον
363 2155 546 2206 habeat,
579 2155 757 2198 Photius
790 2160 907 2198 recte
938 2155 1106 2206 δίκαιον,
1134 2169 1222 2198 non
1251 2170 1452 2211 auguror.
1501 2157 1622 2200 Glos-

257 2250 348 2278 sam
393 2234 584 2291 Dionysii
626 2248 786 2278 morem
818 2233 1005 2286 referre,
1038 2247 1186 2287 nemo,
1219 2235 1392 2290 opinor,
1431 2235 1621 2292 negabit.

256 2314 558 2369 Aristophanis
592 2314 713 2357 locus
741 2317 807 2357 est
826 2314 1005 2370 Lysistr.
1031 2314 1142 2366 743,
1164 2314 1238 2356 ubi
1260 2329 1340 2370 pro
1361 2315 1622 2371 glossemate

256 2394 414 2436 ἀπέλθω
446 2397 562 2436 recte
594 2393 755 2449 legitur
786 2393 896 2442 μόλω
929 2393 1014 2444 ’γώ.

317 2472 415 2516 ibid.
456 2472 547 2515 III:
590 2473 681 2516 400
713 2473 748 2515 B
798 2472 1208 2526 ὑποκοριζόμενοι·
1259 2474 1524 2528 διασύροντες,
1571 2476 1620 2522 ὡς

259 2557 450 2606 Ξενοφῶν,
494 2553 514 2602 ἢ
558 2552 602 2595 τὸ
643 2553 806 2607 αἰσχρὸν
851 2554 1038 2608 εὐφήμως
1069 2552 1344 2607 ὀνομάζοντες,
1379 2556 1427 2602 ὡς
1461 2563 1622 2607 Δημοσ-

256 2634 374 2684 θένης.
409 2634 727 2690 [κολακεύοντες,
764 2634 1072 2690 ὑποκρινόμενοι.]

317 2714 516 2776 Glossa„
537 2728 669 2771 quam
712 2719 827 2759 recte
870 2716 992 2759 Aelio
1025 2715 1230 2779 Dionysio
1262 2715 1485 2768 tribuunt,
1520 2731 1618 2759 oum

257 2795 364 2856 ipsis
408 2795 514 2839 locis
565 2795 755 2840 laudatis
797 2795 954 2851 legitur
998 2795 1114 2854 apud
1146 2795 1355 2840 Photium.
1419 2796 1626 2841 Locisunt
