2057 3375
958 289 1015 330 22

304 427 444 469 missis
493 441 578 469 non
625 440 795 481 semper
843 431 960 469 recte
1004 426 1224 469 Naberum
1268 427 1314 469 in
1355 427 1510 482 glossis
1555 428 1676 483 apud

305 506 502 548 Photium
545 507 599 548 ad
641 505 814 558 Scholia
844 506 1069 548 Platonica
1099 521 1356 561 provocasse
1387 507 1593 550 indicavit
1635 511 1679 550 et

304 585 614 627 demonstravit
661 584 876 627 Mettauer
924 599 992 640 pg.
1042 586 1099 627 76
1144 598 1263 640 seqq.
1306 584 1492 628 afferens
1537 585 1677 629 Schol.

305 664 432 719 Legg.
474 664 563 707 IX:
602 664 688 706 855
727 665 765 707 D
813 665 924 721 κατὰ
971 665 1015 706 τὸ
1061 665 1220 714 στόμα,
1271 664 1377 720 Rep.
1426 665 1493 708 X:
1528 666 1612 708 607
1642 665 1678 707 Β

305 743 524 796 λοικέρυζοι,
563 742 738 786 Axioch.
772 742 861 786 365
890 743 926 785 A
958 743 1255 794 συνειλεγμένον
1287 744 1362 791 τὰς
1395 744 1534 797 ‹iffi-224,
1568 744 1679 788 adde

304 822 432 878 Legg.
464 822 574 865 XII:
608 823 696 865 969
722 822 757 864 B
791 821 914 875 ὕπαρ,
949 823 1058 865 Tim.
1092 823 1149 866 25
1179 824 1217 866 D
1249 824 1500 874 re'vmogstn
1525 825 1679 879 quibus

305 902 459 957 glossis
502 901 619 956 apud
664 901 864 945 Photium
907 900 1105 945 Naberus
1149 902 1257 945 haec
1302 901 1476 946 Scholia
1506 903 1678 954 laudat,

306 995 402 1023 cum
436 986 589 1022 contra
621 984 824 1034 uterque,
857 980 1037 1022 Photius
1075 986 1118 1022 et
1152 980 1416 1031 Scholiasta,
1441 996 1521 1024 sua
1543 982 1676 1024 multo

306 1061 451 1116 potius
492 1059 576 1115 ipsi
619 1059 889 1113 Diogeniano
935 1059 1107 1102 debeat.
1170 1059 1338 1114 Operae
1381 1061 1567 1115 pretium
1611 1067 1677 1104 est

305 1139 359 1194 gl.
392 1137 557 1188 τέναγος
586 1138 734 1193 paullo
768 1138 1010 1181 accuratius
1043 1138 1327 1181 considerare.
1362 1138 1509 1182 Habet
1536 1138 1677 1182 Schol.

306 1219 467 1261 Timae.
499 1220 557 1261 25
584 1219 643 1261 D:
677 1222 790 1260 τοῦτο
828 1219 892 1259 καὶ
926 1220 957 1260 οἱ
990 1219 1079 1265 τοὺς
1112 1219 1232 1271 ἐκείνῃ
1262 1220 1403 1265 τόπους
1437 1220 1675 1272 ἱστοροῦντες

306 1299 506 1354 λέγουσιν,
539 1299 588 1345 ὡς
622 1296 758 1340 πάντα
792 1297 993 1349 τεναγώδη
1027 1299 1091 1340 τὸν
1126 1298 1210 1341 ἐκεῖ
1232 1296 1328 1341 εἶναι
1358 1303 1495 1352 χῶρον.
1514 1299 1680 1350 τέναγος

306 1378 345 1420 δέ
391 1379 496 1419 ἐστιν
542 1378 627 1424 ἰλύς
660 1393 719 1423 τις
751 1376 1055 1429 ἐπιπολάζοντος
1090 1376 1229 1425 ὕδατος
1262 1379 1303 1419 οὐ
1336 1382 1485 1421 πολλοῦ
1516 1379 1583 1421 καὶ
1614 1379 1682 1429 βο-

308 1457 428 1506 τάνης
472 1456 777 1510 ἐπιφαινομένης
819 1457 966 1510 τούτῳ,
1003 1458 1024 1507 ἢ
1057 1457 1216 1507 πηλώδη
1249 1458 1439 1508 πελάγη,
1474 1459 1496 1509 ἢ
1529 1458 1680 1511 διάβρο-

309 1553 374 1591 χοι
410 1536 431 1587 ἢ
465 1536 646 1589 κάθυγροι
679 1536 804 1581 τόποι.
848 1536 972 1580 Prior
1003 1551 1106 1592 pars
1139 1535 1299 1579 Scholii
1331 1551 1384 1579 ex
1404 1537 1545 1580 Procli
1569 1552 1684 1580 com-

309 1621 436 1659 ment.
469 1631 537 1672 pg.
565 1616 619 1658 58
647 1616 682 1658 Β
705 1615 850 1669 fluxit,
875 1621 967 1659 tum
991 1617 1084 1659 voci
1108 1616 1330 1666 τεναγώδης
1354 1617 1682 1672 explicationem

310 1696 425 1738 vocis
437 1695 602 1746 τέναγος
617 1694 863 1739 Scholiasta
875 1695 1043 1738 addidit
1056 1709 1108 1738 ex
1120 1696 1402 1751 Diogeniano.
1420 1695 1484 1739 Cf.
1497 1695 1680 1752 Hesych.

309 1775 422 1818 Nam
465 1789 561 1818 cum
605 1789 820 1830 nusquam
864 1775 981 1831 apud
1013 1774 1238 1818 Platonem
1270 1775 1434 1825 τέναγος
1467 1776 1532 1818 vel
1564 1791 1677 1817 τενοι-

309 1855 436 1907 γώδης
469 1855 654 1910 legatur,
689 1855 808 1898 nulla
835 1869 969 1898 causa
1001 1858 1122 1905 erat,
1148 1868 1224 1897 cur
1246 1854 1354 1898 haec
1377 1869 1458 1898 vox
1480 1855 1525 1897 in
1547 1855 1683 1898 lexico

313 1935 541 1979 Platonico
564 1936 868 1991 explicaretur,
890 1939 933 1977 et
949 1934 1039 1978 fere
1058 1939 1229 1978 constat
1248 1934 1535 1978 Scholiastam
1555 1939 1684 1990 atque

310 2015 512 2058 Photium
554 2041 613 2047 —-
658 2016 731 2070 qui
776 2015 929 2057 eadem
968 2015 1149 2070 praebet
1182 2020 1315 2069 atque
1350 2014 1594 2057 Scholiasta
1628 2040 1685 2045 —

310 2095 437 2139 huius
470 2096 585 2139 vocis
619 2095 951 2150 explicationem
987 2109 1013 2137 a
1046 2094 1312 2150 Diogeniano
1340 2095 1570 2149 accepisse.
1605 2095 1684 2137 Ve-

310 2188 406 2215 rum
439 2187 492 2215 ne
524 2175 618 2228 ipse
652 2173 826 2228 quidem
864 2172 1062 2215 Naberus
1093 2172 1139 2214 in
1171 2172 1237 2215 his
1272 2186 1440 2227 semper
1472 2172 1555 2214 sibi
1586 2186 1686 2215 con-

312 2257 419 2308 stat,
453 2254 528 2309 qui
560 2253 727 2307 glossas
763 2254 937 2306 στείχειν
972 2258 1015 2295 et
1048 2253 1191 2301 ὅμαδον
1220 2253 1336 2307 apud
1358 2252 1556 2294 Photium
1573 2253 1687 2295 inter

311 2334 566 2378 Homericas
595 2333 812 2390 retulerit,
842 2348 1107 2389 quamquam
1136 2334 1286 2376 eodem
1313 2333 1427 2385 iure,
1451 2347 1535 2388 quo
1553 2333 1686 2383 alias,

311 2417 491 2459 laudare
525 2420 728 2471 potuerat
761 2414 901 2458 Schol.
950 2414 1186 2470 Hipparch.
1221 2414 1308 2456 229
1336 2414 1374 2455 A
1405 2418 1448 2456 et
1481 2413 1586 2469 ch.
1618 2413 1685 2455 II:

314 2497 401 2537 364
423 2496 471 2537 E.
504 2495 609 2538 Esse
643 2499 812 2550 autem,
846 2508 957 2550 quae
987 2493 1149 2536 Naberi
1178 2493 1370 2548 opinioni
1392 2492 1586 2544 faveant,
1604 2493 1687 2535 hoc

313 2575 486 2618 minime
518 2574 789 2630 negaverim,
822 2578 891 2617 ut:

376 2653 517 2697 Schol.
550 2653 732 2696 Phaedr.
768 2653 911 2696 2341)
944 2653 1236 2704 γοὲννυσθοιι·
1267 2652 1563 2706 φκιδρύνεσθοιι,
1588 2652 1686 2705 χαί-

315 2752 386 2783 ,εειν
397 2768 406 2786 ,
442 2735 678 2788 διαχεῖσθαι.

1980 249 1994 530 -ι--,-..,,-.-.-.,
1983 54 1990 246 ,,-..,.-.,-.,
1984 0 1987 10 .,
