2057 3375
971 314 1024 354 21

314 451 542 495 dissentire
572 451 685 494 inter
717 465 764 494 se
798 450 1081 494 Schmidtium
1111 454 1154 507 et
1182 449 1401 492 Naberum
1425 463 1559 505 supra
1581 449 1679 491 vidi-

312 544 429 582 mus,
474 530 672 573 dirimere
714 544 800 573 non
838 543 1026 585 possum.
1083 528 1194 571 Nam
1226 528 1396 583 glossae
1428 528 1680 583 plerumque

311 610 376 652 ita
419 613 695 665 comparatae
739 612 861 664 sunt,
904 612 953 651 ut
995 607 1054 650 nil
1099 608 1316 664 peculiare
1354 607 1566 658 habeant,
1604 622 1681 650 cur

312 689 425 731 hanc
476 689 646 731 illamve
704 688 962 731 sententiam
1014 688 1150 742 magis
1197 688 1370 742 probes.
1434 687 1677 729 Nonnullas

313 771 457 811 autem
490 767 669 810 undevis
701 766 846 823 potius
879 780 1010 822 quam
1032 780 1055 809 e
1077 766 1231 809 Boethi
1253 766 1412 809 libellis
1435 765 1479 807 in
1503 764 1678 808 Scholia

312 846 376 900 (et
419 847 464 889 in
506 846 726 902 Photium)
772 838 969 897 fluxisse,
1012 860 1092 900 pro
1138 849 1255 888 certo
1310 845 1556 888 habendum
1601 849 1677 887 est.

312 924 433 976 Quod
465 930 515 969 ut
545 929 716 981 pateat,
750 926 993 981 exemplum
1026 923 1206 969 afferam
1237 925 1281 967 in
1315 925 1465 980 paucis
1487 924 1677 976 illustre,

311 1017 396 1059 quo
439 1004 526 1047 iam
573 1004 835 1048 Schmidtius
867 1018 969 1047 usus
1003 1008 1080 1047 est.
1145 1004 1193 1046 In
1227 1003 1423 1058 Epistola
1454 1003 1678 1045 Platonica

311 1082 436 1126 VIII:
470 1083 558 1125 353
585 1083 621 1125 E
663 1083 821 1138 legitur
858 1083 1013 1133 τέμνειν
1045 1083 1281 1135 Φάρμακον,
1318 1083 1430 1137 quod
1465 1081 1677 1136 significat

311 1162 582 1204 remedium
616 1160 833 1205 afferre.
888 1160 1131 1205 Scholiasta
1164 1165 1307 1205 autem
1340 1161 1547 1216 explicat:
1580 1161 1677 1211 τέμ-

311 1256 383 1283 νειν
424 1239 662 1293 φάρμακον·
710 1242 873 1291 πείθειν,
918 1231 1064 1290 τιμῶν,
1110 1242 1313 1292 ἡγεῖσθαι,
1355 1242 1403 1287 ὡς
1446 1238 1553 1289 οἶμαι
1596 1245 1674 1282 νῦν.

310 1319 544 1371 Nimirum,
576 1320 717 1375 inquit
748 1319 1009 1362 Schmidtius
1043 1320 1219 1370 Quaest.
1254 1320 1353 1363 Hes.
1385 1335 1454 1375 pg.
1489 1332 1598 1370 xcv,
1632 1320 1675 1361 in

311 1398 579 1454 Diogeniano
622 1398 726 1455 legit
769 1399 979 1442 aeolicum
1010 1399 1175 1450 τέμμειν
1208 1399 1470 1455 explicatum
1501 1398 1676 1442 vocibus

310 1478 474 1527 πείθειν,
509 1481 651 1532 τιμᾶν,
689 1480 888 1529 ἡγεῖσθαι,
924 1493 1109 1533 quocum
1141 1479 1251 1521 conf.
1284 1479 1518 1527 ἕπετέμετο·
1547 1480 1676 1520 ἐπετί-

309 1573 455 1608 μησεν,
489 1556 563 1600 sed
595 1557 736 1613 legere
770 1557 852 1600 sibi
886 1558 998 1600 visus
1032 1563 1098 1600 est
1130 1558 1292 1608 τέμνειν.
1357 1557 1451 1600 Hoc
1484 1561 1550 1600 est
1580 1557 1674 1600 Pla-

311 1640 456 1678 tonem
488 1637 776 1691 interpretari.
825 1636 1094 1691 Quamquam
1126 1640 1214 1678 tam
1248 1637 1439 1691 ineptum
1462 1637 1569 1678 nihil
1591 1641 1674 1687 est,

309 1718 357 1758 ut
399 1730 486 1758 non
527 1716 719 1758 inveniat
759 1716 951 1759 homines
994 1716 1252 1771 ineptiores,
1293 1716 1365 1770 qui
1398 1716 1676 1758 admirentur.

309 1793 435 1837 Certe
478 1793 657 1837 Photius
700 1793 812 1845 575,
859 1795 925 1837 121
967 1794 1143 1837 Bachm.
1188 1794 1338 1837 anecd.
1379 1794 1490 1845 384,
1524 1794 1551 1836 5
1591 1808 1673 1836 non

309 1874 435 1916 modo
478 1874 793 1928 Diogenianum
833 1878 1096 1929 recoquunt,
1131 1875 1208 1917 sed
1241 1875 1370 1917 etiam
1406 1874 1674 1917 Scholiorum

309 1953 457 1996 sordes
480 1953 659 2004 τέμνουσι
689 1953 901 2007 Φάρμακον
918 1968 926 1977 ·
954 1958 1116 2004 τιμῶσι,
1147 1957 1343 2006 ἡγοῦνται.
1367 1953 1482 2002 οὕτως
1500 1953 1614 1996 ἄλλοι
1631 1971 1676 1996 τε

311 2032 376 2074 καὶ
401 2033 601 2083 Ἱεροκλῆς.
636 2032 790 2087 Itaque
812 2033 895 2075 nisi
912 2048 1059 2076 verum
1079 2033 1345 2076 Scholiastae
1364 2048 1516 2076 nomen
1535 2033 1676 2076 adhuc

308 2110 386 2153 sub
405 2109 541 2158 ἄλλοις
564 2111 695 2160 latet,
720 2111 944 2155 Hierocles
968 2113 1173 2155 audiebat
1195 2113 1322 2155 homo
1344 2112 1675 2167 ineptissimus.’‘

307 2189 401 2232 Hoc
432 2190 561 2245 igitur
592 2190 759 2233 Boetho
792 2190 1149 2234 abiudicabimus.
1189 2191 1413 2234 Hierocles
1447 2192 1529 2233 iste
1553 2191 1675 2246 quin·

306 2268 427 2322 quies
460 2282 487 2310 a
511 2267 663 2311 Photio
686 2269 891 2311 laudatus
913 2273 991 2312 est.
1023 2269 1085 2312 Cf.
1110 2269 1269 2312 Naber.
1294 2269 1458 2325 Proleg.
1488 2285 1555 2325 pg.
1580 2271 1674 2312 127.

306 2346 663 2401 Neoplatonicum
695 2346 830 2391 fuisse
862 2347 1055 2391 Platonis
1077 2348 1380 2404 interpretem,
1405 2348 1479 2403 qui
1502 2348 1674 2391 saeculo

306 2431 407 2482 post
444 2425 541 2469 Chr.
581 2426 627 2469 v0
657 2427 810 2470 vixerit
842 2431 885 2470 et
917 2428 1242 2481 Φιλοσοφσύμενοι
1277 2428 1525 2482 scripserit,
1559 2428 1674 2470 haud

306 2507 548 2563 spernenda
580 2516 646 2551 est
678 2507 907 2551 Mettaueri
939 2508 1107 2563 opinio,
1137 2508 1191 2550 l.l.
1217 2523 1285 2564 pg.
1310 2508 1379 2551 98.
1411 2508 1531 2551 Alias
1554 2508 1671 2564 inep-

305 2587 389 2629 tias
410 2587 453 2629 id
475 2601 608 2642 genus
630 2586 725 2629 vide
755 2586 896 2629 Schol.
919 2587 1100 2630 Phaedr.
1126 2587 1213 2629 254
1229 2588 1265 2629 Ε
1296 2585 1454 2636 &evang
1468 2622 1479 2637 ‚
1497 2587 1675 2631 Axioch.

307 2666 391 2707 371
422 2666 458 2708 E
489 2665 749 2713 ἐναύσασθαι,
782 2665 954 2721 Protag.
988 2666 1072 2708 337
1104 2667 1141 2708 D
1174 2671 1414 2718 πρυτανεῖον,
1442 2667 1673 2721 dequibus

306 2743 358 2788 cf.
392 2743 595 2787 Schmidt.
630 2743 675 2795 Q.
709 2743 811 2787 Hes.
845 2759 915 2800 pg.
947 2756 1065 2796 XCII,
1098 2756 1223 2787 XCIII.
1274 2744 1358 2788 Sed
1393 2745 1521 2788 etiam
1557 2746 1675 2789 hisce
