2057 3375
897 321 980 366 109

255 460 308 507 cf.
339 461 499 507 Polluc.
534 460 683 506 Onom.
716 461 771 506 5:
809 462 919 515 131,
952 461 1075 506 Phot.
1107 461 1153 505 in
1184 476 1219 506 v.
1248 466 1291 507 et
1316 463 1360 506 in
1387 477 1422 507 v.
1448 472 1616 516 παλαμ-

257 549 376 592 ναῖος.
425 543 692 587 Phavorinus
739 543 872 587 habet
917 543 1031 587 idem
1079 548 1211 599 atque
1253 543 1393 588 Schol.
1433 544 1617 601 CratyL,

257 625 410 665 contra
435 622 621 680 Hesych.
651 622 1151 674 ἀποδιοπομπεῖσθαι·
1183 623 1525 676 ἀποστρέφεσθαι,
1553 623 1621 666 τὸν

257 703 520 755 ἀποτρόπαιον
543 702 816 752 ἐκπέμπεσθαι
845 702 1028 753 μακράν,
1063 715 1175 757 quae
1195 706 1287 744 tum
1310 702 1482 744 demum
1502 707 1619 745 recte

255 779 437 834 habent,
471 781 509 824 si
541 780 829 834 ἀποτρόπαιος,
862 780 978 836 quod
1009 780 1136 838 vulgo
1169 779 1385 837 significat
1416 782 1619 825 averrun-

255 874 376 912 cum,
422 860 632 916 accipitur
668 874 749 916 pro
779 859 950 904 funesto
984 873 1018 904 s.
1051 860 1304 916 pernicioso.
1337 859 1392 904 cf.
1423 859 1617 904 Passovii

254 938 376 982 lexic.
419 939 465 982 in
509 953 566 990 v.,
609 938 776 982 Alberti
807 939 864 981 ad
895 938 1078 995 Hesych.
1092 973 1104 992 ,
1134 938 1334 982 Kuhnius
1367 939 1423 982 ad
1455 938 1618 982 Polluc.

260 1019 282 1060 1
302 1035 314 1062 :
347 1018 403 1060 38
417 1053 426 1070 ,
449 1018 524 1073 qui
546 1018 607 1061 sic
629 1018 776 1061 vertit:
799 1032 1109 1070 averruncare,
1130 1018 1407 1074 impiatorum
1429 1018 1615 1061 ultorem

255 1096 408 1153 procul
439 1096 664 1153 ablegare,
695 1096 894 1141 lustrare.

325 1175 433 1218 Cum
466 1176 655 1218 secunda
685 1179 813 1229 parte
844 1175 1227 1232 Scholiiffconvenit
1248 1175 1403 1218 Suidas
1434 1176 1621 1217 ἀποδιο-

257 1255 582 1306 πομπεῖσθαι·
625 1253 932 1306 ἀποπέμπεσθαι
974 1253 1067 1307 πρὸς
1110 1254 1175 1298 τὸν
1209 1253 1487 1308 προστρόπαιον
1514 1253 1619 1304 Δία,

257 1333 323 1375 καὶ
366 1333 470 1375 οἱονεὶ
514 1334 761 1385 καθαίρεσθαι
805 1333 827 1383 ἢ
869 1333 1113 1376 ἱλάσκεσθαι.
1157 1333 1279 1376 Idem
1322 1337 1492 1376 sextum
1537 1332 1619 1375 lex.

257 1411 391 1455 Bekk.
432 1411 589 1464 4275,
631 1412 770 1467 Etym.
812 1411 868 1454 M.
915 1412 1096 1464 125,34‚
1141 1412 1311 1467 128,20.
1355 1411 1407 1455 cf.
1452 1410 1620 1454 Ruhnk.

259 1489 316 1532 ad
353 1489 457 1533 Tim.
499 1489 580 1533 lex.
622 1504 688 1545 pg.
722 1491 803 1545 40,
838 1490 996 1534 Moeris
1028 1491 1093 1534 ed.
1125 1489 1320 1534 Pierson.
1353 1491 1398 1532 in
1429 1505 1489 1542 v.,
1522 1488 1622 1533 Hes.

259 1572 302 1612 et
334 1568 451 1612 Suid.
482 1584 518 1612 v.
550 1569 859 1619 διοπομπεῖσθαι.

318 1647 419 1692 ibid.
467 1647 555 1692 854
600 1648 636 1691 B
689 1648 1046 1702 ἀποτροπαίων·
1100 1651 1176 1691 τῶν
1219 1648 1518 1702 ἀποτρεπόντων
1567 1648 1622 1691 τοὶ

258 1727 377 1771 κακοὶ.
419 1726 673 1780 λαμβανεναι
714 1727 754 1770 δὲ
795 1730 818 1779 ἡ
858 1726 963 1779 λέξις
1001 1727 1068 1771 καὶ
1110 1727 1176 1771 ἐπὶ
1216 1732 1292 1771 τῶν
1332 1732 1513 1783 φευκτῶν
1552 1727 1621 1770 καὶ

258 1809 456 1860 μισεῖσθαι
487 1807 620 1859 ἀξίων,
634 1809 847 1862 ἀνθρώπων.

318 1886 439 1932 Idem
485 1886 601 1932 Suid.
651 1887 763 1932 Hinc
809 1883 974 1944 corrige
1016 1886 1134 1944 apud
1175 1886 1275 1932 Hes.
1315 1892 1532 1941 φευκταῑος
1576 1887 1622 1931 in

258 1967 443 2021 Φευκτός.

318 2046 421 2090 ibid.
455 2047 543 2090 855
575 2046 609 2090 C
639 2046 938 2099 ἀριστίνδην·
972 2046 1064 2090 κατ’
1097 2048 1265 2107 ἐκλογὴν
1295 2046 1363 2089 καὶ
1385 2045 1526 2101 αἳρεσιν
1546 2051 1622 2090 τῶν

258 2124 437 2179 ἀρίστων.

319 2204 437 2248 Idem
481 2204 596 2248 Suid.
628 2209 673 2248 et
704 2208 808 2248 sext.
841 2205 921 2248 lex.
954 2203 1090 2248 Bekk.
1123 2204 1301 2260 444‚28.
1363 2205 1457 2248 Est*
1475 2204 1622 2259 glossa

260 2281 507 2337 Platonica,
539 2297 640 2326 nam
672 2281 848 2328 additur
878 2282 922 2326 in
954 2281 1101 2327 lexicis
1132 2281 1322 2329 laudatis
1354 2282 1477 2336 νέμων
1509 2283 1558 2327 θ’.

320 2363 421 2405 ibid.
453 2363 541 2406 866
562 2363 598 2405 Β
630 2363 1071 2416 προστρεπομένου·
1098 2362 1459 2414 ἀποπεμπομένου,
1486 2378 1624 2415 τρεπο-

260 2441 375 2494 μένου
406 2442 474 2496 ἐφ’
505 2441 656 2487 ἑαυτόν.

321 2521 439 2564 Idem
481 2521 604 2564 Phot.
646 2535 682 2564 v.
724 2521 1056 2575 προστρέπεσθαι,
1101 2520 1252 2564 eodem
1294 2533 1464 2571 errore,
1496 2534 1621 2575 quem

262 2603 449 2646 correxit
479 2601 676 2645 Naberus
711 2601 905 2645 scribens
935 2601 1016 2656 ἀφ’
1048 2602 1203 2645 ἑαυτοῦ.

319 2679 422 2723 ibid.
472 2679 555 2723 871
600 2681 637 2724 E
683 2681 852 2724 ἀνατί·
874 2716 877 2720 ,
900 2680 1100 2732 ἀβλαβῶς
1145 2678 1212 2721 καὶ
1254 2677 1347 2721 ἄνευ
1387 2677 1523 2727 τίσεως
1555 2681 1621 2722 καὶ

260 2760 463 2814 τιμωρίας.
