2057 3375
1019 305 1077 347 30

358 445 496 489 lexico
529 445 762 501 integriore
796 444 1076 500 Diogeniani,
1118 458 1248 500 quam
1280 444 1408 489 hodie
1439 445 1484 488 in
1516 444 1730 502 Hesychio

359 529 581 579 superest,
613 516 791 566 fluxisse
824 524 1033 567 videntur.

419 602 559 647 Schol.
592 602 753 646 Phaed.
788 603 848 646 65
876 602 917 645 B*
946 600 969 651 ἦ
1000 603 1032 645 δ’
1064 601 1134 650 δ’ς·
1167 604 1238 646 ἐὰν
1263 603 1334 654 μὲν
1358 602 1462 657 ἦδιίο
1479 602 1574 656 μέρη
1591 603 1728 654 λόγου,

357 683 469 726 ἔσται
513 683 591 735 ἔφη
634 683 673 724 δὲ
715 680 777 732 ὅς,
822 682 1022 726 τουτέστιν
1062 684 1140 737 ἔφη
1175 684 1213 725 δὲ
1247 681 1379 730 οὗτος·
1417 684 1450 725 οἱ
1480 683 1519 725 δὲ
1551 683 1731 733 λέγουσιν

358 761 414 804 ὅτι
448 762 544 804 αὐτὸ
578 761 688 812 μόνον
722 762 903 812 σημαίνει
940 762 984 804 τὸ
1016 762 1109 815 ἔφη.
1146 763 1213 805 ἐὰν
1246 762 1285 805 δὲ
1316 760 1339 816 ἦ
1372 760 1410 804 ἓν
1444 761 1554 815 μέρος
1588 762 1728 812 λόγου,

357 839 470 883 ἔσται
502 841 620 894 Φίλος
661 842 711 887 ὠς
754 842 970 892 Ἀθηναῖοι,
1010 841 1032 890 ἦ
1066 841 1208 895 ὄφελος
1240 843 1288 888 ὡς
1324 842 1557 896 Αἰγινῆται,
1593 841 1615 891 ἢ
1648 839 1729 891 ὅξος

357 920 406 966 ὡς
453 919 685 969 Χαλκιδεῖς,
729 916 757 972 ᾧ
805 919 897 972 πρὸς
940 921 994 962 τα
1027 920 1111 971 ἱερὰ
1142 924 1328 973 χρῶνται.
1364 919 1560 963 τάττεται
1594 920 1632 962 δὲ
1666 920 1728 963 ἐπὶ

357 1000 505 1045 παντὸς
538 999 741 1050 προσώπου
773 999 839 1041 καὶ
872 1000 1056 1052 ἀριθμοῦ,
1092 1001 1141 1047 ὦς
1173 999 1217 1042 τὸ
1249 995 1277 1041 ὦ
1307 1001 1396 1043 τᾶν.

417 1077 617 1122 Glossam
641 1093 695 1122 ex
716 1078 984 1135 Diogeniano
1003 1078 1243 1123 desumtam
1262 1093 1356 1122 esse
1375 1082 1520 1122 censet
1537 1077 1726 1123 Schmid-

356 1158 466 1210 tius,
508 1172 636 1214 quem
680 1159 823 1214 potius
857 1159 1077 1214 sequimur
1109 1172 1239 1214 quam
1274 1158 1494 1202 Naberum
1528 1159 1585 1201 ad
1616 1158 1730 1202 Pho-

355 1238 463 1281 tium
497 1253 533 1280 v,
566 1237 589 1287 ἦ
621 1239 652 1279 δ’
686 1236 738 1284 ὅς,
785 1237 849 1281 Cf.
882 1237 1065 1293 Hesych.
1099 1253 1133 1281 v,
1167 1235 1250 1287 ἦδος
1282 1242 1326 1281 et
1356 1237 1459 1285 ἅδος.
1503 1237 1724 1281 Neminem

355 1331 547 1372 unquam
587 1316 746 1360 dixisse
786 1313 869 1365 ἦδος
904 1331 983 1372 pro
1016 1316 1133 1369 φίλος
1167 1316 1307 1360 habeo
1339 1317 1728 1372 persuasissimum.

356 1398 420 1439 De
468 1395 781 1452 significatione
829 1396 970 1450 ὄφελος
1020 1396 1071 1439 cf.
1120 1397 1168 1439 ΙΙ.
1211 1404 1267 1439 Σε
1317 1397 1397 1449 80,
1431 1397 1495 1440 A:
1535 1398 1622 1440 576
1655 1397 1729 1439 ubi

358 1476 557 1521 Scholia:
592 1474 699 1526 ἦδος·
737 1477 870 1528 ἡδονή,
906 1477 1095 1530 ὠφέλεια.
1128 1476 1308 1520 Acetum
1338 1475 1604 1533 significasse
1632 1476 1727 1520 vide

357 1556 475 1613 apud
521 1556 795 1600 Athenaeum
839 1557 890 1613 2,
935 1557 990 1599 67
1026 1555 1079 1608 O,
1119 1555 1279 1600 Polluc.
1313 1557 1368 1599 6:
1402 1556 1481 1612 65,
1514 1555 1725 1599 Zonaram

354 1651 426 1692 pg.
472 1636 586 1679 1457
634 1636 899 1692 (Cyrenaeos
939 1636 1000 1678 sic-
1040 1636 1241 1691 dixisse),
1273 1635 1442 1678 Aelium
1474 1635 1726 1690 Dionysium

354 1716 471 1771 apud
514 1714 792 1758 Eustathium
841 1715 975 1771 1417,
1016 1716 1087 1757 21.
1135 1714 1277 1757 Verba
1311 1713 1495 1758 Scholii:
1527 1714 1724 1757 τοὲττεται

354 1794 392 1836 δὲ
424 1795 488 1836 ἐπὶ
522 1794 603 1836 κτὲ.
639 1794 675 1837 si
709 1797 909 1849 spectant
938 1807 1084 1837 vocem
1118 1789 1203 1841 ἦδος
1236 1794 1312 1848 (ε
1344 1794 1505 1848 φίλος),
1538 1797 1656 1837 recte
1681 1806 1726 1836 se

355 1872 539 1924 habent,
577 1873 642 1917 sin
674 1887 774 1917 vero
807 1870 833 1921 ἦ
862 1874 894 1915 δ’
921 1870 978 1925 ὅς,
1014 1886 1136 1916 error
1168 1872 1327 1916 subest.
1360 1872 1471 1916 Vide
1493 1871 1649 1915 Naber.
1671 1871 1727 1914 1.1.

413 1952 553 1995 Schol.
595 1951 769 1994 Theaet.
815 1953 901 1995 160
939 1952 975 1994 Ε
1019 1953 1350 2005 αμφιδρόμια·
1395 1950 1521 2004 ἡμέρα
1557 1952 1724 2002 πέμπτη

351 2036 432 2078 τοῖς
459 2031 647 2084 βρέφεσιν
674 2032 716 2073 ἐκ
745 2031 954 2082 γενέσεως,
984 2029 1081 2074 οὕτω
1111 2031 1300 2080 κληθεῖσα
1324 2030 1419 2085 παρ’
1440 2028 1524 2073 ὅσον
1541 2032 1578 2073 ἐν
1594 2030 1723 2084 ταύτῃ

351 2112 572 2164 καθαίρουσι
605 2111 679 2157 τοὶς
713 2116 852 2163 χεῖρας
889 2111 931 2152 αἱ
959 2109 1297 2163 συνεφαψαμέναι
1322 2116 1393 2160 τῆς
1409 2110 1632 2164 μαιώσεως,
1657 2110 1722 2152 καὶ

350 2192 395 2234 τὸ
437 2191 586 2243 βρέφος
630 2192 715 2243 περὶ
758 2191 828 2239 την
871 2191 1005 2233 ἑστίαν
1037 2191 1194 2245 φέρουσι
1226 2191 1439 2243 τρέχουσαι
1470 2189 1622 2243 κύκλῳ,
1655 2191 1722 2233 καὶ

350 2270 524 2320 τοῦνομα
567 2270 736 2311 τίθενται
769 2269 912 2321 τούτῳ,
948 2269 1046 2323 δῶρά
1079 2286 1124 2311 τε
1158 2268 1357 2321 πέμπουσι
1389 2269 1443 2321 τῷ
1476 2267 1640 2323 παιδίῳ,
1674 2271 1722 2316 ὡς

351 2350 415 2391 ἐπὶ
459 2350 504 2391 τὸ
547 2354 735 2391 πλεῖστον
776 2348 1004 2395 πολύποδας
1047 2349 1113 2390 καὶ
1157 2349 1330 2404 σηπίας,
1371 2347 1411 2391 οἵ
1438 2365 1483 2391 τε
1514 2350 1623 2403 φίλοι
1656 2348 1722 2390 καὶ

350 2430 473 2472 οἰκεῖοι
504 2428 572 2470 καὶ
605 2427 743 2475 ἁπλῶς
775 2428 807 2471 οἱ
840 2427 1112 2481 προσέχοντες.

410 2508 539 2563 Apud
573 2506 750 2550 Suidam
783 2507 894 2550 adeo
929 2508 1087 2550 similia
1115 2507 1327 2563 leguntur,
1351 2510 1400 2549 ut
1422 2506 1614 2549 dubitari
1637 2520 1720 2548 non

350 2589 511 2645 possit,
545 2589 649 2644 quin
684 2588 872 2631 indidem
895 2586 1118 2639 fluxerint3
1142 2587 1209 2630 via
1231 2590 1377 2630 tamen
1400 2586 1578 2629 diversa.
1612 2585 1720 2629 Nam

349 2682 462 2724 quae
505 2669 549 2710 in
590 2667 762 2711 Scholio
803 2667 1019 2723 leguntur,
1054 2667 1211 2711 collato
1243 2666 1457 2723 Hesychio
1491 2666 1637 2709 statim
1670 2680 1723 2709 ex

348 2747 619 2803 Diogeniano
666 2747 804 2802 petita
851 2747 1040 2790 arbitror
1086 2761 1113 2790 a
1156 2746 1421 2798 Scholiasta3
1467 2759 1579 2801 quae
1622 2759 1721 2788 vero
