2057 3375
1089 322 1147 364 92

425 461 533 504 tatio
565 460 774 516 Leopoldi
806 461 950 512 Gohu,
974 462 1364 518 Untersuchungen
1388 462 1496 505 iiber
1514 461 1587 524 ‘die
1611 461 1793 513 Quellen

424 540 502 582 der
542 539 911 592 Plato-Scholien,
956 540 1153 597 Leipzig,
1204 540 1341 593 1884,
1376 541 1497 584 cuius
1531 540 1792 584 sententiam

423 620 477 662 de
498 619 652 675 glossis
675 620 756 663 hoc
778 621 922 676 capite
946 634 974 663 a
996 635 1062 663 me
1084 621 1283 664 tractatis
1307 620 1530 663 subiciam.
1564 619 1600 662 E
1622 620 1789 663 Boetho

423 699 644 742 desumtas
677 713 771 742 esse
803 699 1027 742 contendit
1057 699 1111 755 gl.
1143 699 1264 751 ἅδην,
1294 699 1567 753 λυγιζόμενος,
1594 699 1790 752 μινυρίζω,

422 776 644 830 τευτάζειν,
672 777 878 831 τοπάζειν,
904 778 1054 829 ὑμνεῖν,
1074 782 1251 832 Φοιῦλον,
1271 782 1439 827 φιτῦσαι
1453 812 1464 829 ,
1482 776 1647 828 ἄτοπον,
1668 779 1792 831 ἐγχυ-

421 857 609 910 τρίστριοιι
625 890 636 907 ,
668 856 836 908 βλᾶκα,
871 856 1059 900 fortasse
1090 852 1120 899 ἆ
1151 861 1195 899 et
1216 857 1409 913 πεττεία,
1433 862 1585 900 contra
1606 870 1628 898 e
1651 856 1793 899 lexico

424 936 613 992 quodam
657 936 871 980 rhetorico
910 935 1086 979 fluxisse
1121 936 1238 987 ὁμοῦ,
1268 934 1399 986 ἄττα,
1432 937 1549 990 τέως,
1584 935 1792 988 ἔμβραχυ.

423 1016 564 1071 Atque
606 1019 654 1059 ut
696 1030 846 1059 verum
882 1015 1046 1072 fatear,
1080 1015 1174 1071 ipse
1208 1030 1379 1071 quoque
1413 1016 1465 1058 de
1507 1016 1573 1059 his
1606 1021 1794 1071 quatuor

421 1095 576 1150 glossis
615 1095 884 1151 aliquamdiu
929 1094 1147 1146 dubitavi,
1194 1096 1266 1138 sed
1301 1095 1479 1138 tandem
1511 1094 1717 1138 Cobetum
1751 1098 1795 1137 et

422 1174 642 1218 Naberum
675 1170 842 1218 Boetho
876 1175 1115 1217 tribuentes
1149 1179 1321 1217 secutus
1354 1189 1470 1223 sum,
1505 1188 1646 1229 neque
1682 1188 1793 1216 nuno

422 1253 626 1309 poenitet.
675 1253 855 1297 Glossas
892 1251 919 1296 ὦ
957 1257 1056 1306 τοῖν,
1096 1254 1331 1308 χοιραδριός,
1376 1254 1594 1305 στλεγγίς,
1629 1253 1793 1296 mammae

421 1335 549 1387 putat
580 1330 702 1374 Cohn
734 1331 860 1382 λέξεις
892 1333 1070 1383 κωμικὰς
1102 1347 1213 1383 esse,
1249 1346 1360 1387 quae
1392 1346 1477 1374 non
1511 1346 1534 1375 e
1560 1331 1725 1374 Boetho
1747 1332 1792 1373 in

421 1413 593 1453 nostros
638 1410 780 1454 fontes
824 1411 1098 1463 transierint3
1142 1411 1249 1454 illud
1289 1425 1374 1454 non
1406 1411 1677 1465 negaverim,
1711 1410 1793 1453 hoc

420 1492 566 1532 autem
587 1489 711 1533 nobis
736 1503 822 1532 non
846 1490 1073 1545 persuasit.
1108 1489 1235 1546 (Vide
1257 1504 1390 1545 supra
1411 1504 1480 1545 pg.
1503 1490 1582 1539 66,
1607 1489 1695 1544 67).
1731 1489 1792 1532 De

421 1568 575 1611 ceteris
610 1555 672 1611 sic
710 1569 885 1612 statuit:
926 1569 982 1624 gl.
1018 1568 1234 1621 Πράμνειος
1270 1566 1382 1622 οἶνος,
1410 1575 1558 1622 Καρικῇ
1584 1570 1723 1621 Μούσῃ
1750 1573 1794 1611 et

421 1647 689 1698 κερασβόλους
717 1648 899 1702 antiqua
928 1647 1102 1690 Scholia
1128 1661 1244 1698 esse,
1274 1648 1318 1690 in
1335 1647 1535 1691 Photium
1554 1652 1634 1690 cet.
1651 1647 1791 1697 illata,

423 1727 538 1782 quod
572 1727 745 1770 minime
778 1726 939 1783 probo3
973 1727 1028 1782 gl.
1061 1727 1209 1769 σκόλιον
1241 1727 1523 1778 Pausaniam,
1554 1726 1607 1782 gl.
1637 1726 1790 1779 οέκκίζε-

419 1809 506 1851 crem
549 1807 817 1851 Tarrhaeum
861 1813 1081 1850 auctorem
1124 1821 1243 1859 esse,
1284 1807 1338 1862 gl.
1371 1803 1409 1849 οἵ
1435 1806 1595 1862 (Schol.
1628 1805 1790 1849 Phileb.

421 1888 479 1930 60
523 1887 576 1941 D)
622 1900 710 1929 non
750 1900 843 1929 esse
875 1886 1056 1939 Boethi,
1089 1887 1156 1928 cui
1188 1891 1335 1928 tamen
1367 1885 1421 1941 gl.
1453 1882 1491 1927 οἷ
1520 1885 1633 1940 apud
1667 1884 1790 1928 Phot.

420 1965 595 2016 tribuit3
627 1964 697 2007 hic
729 1978 901 2019 quoque
935 1964 1134 2007 dubitare
1167 1964 1324 2019 possis.
1358 1964 1517 2006 Verum
1540 1962 1667 2006 facile
1689 1977 1791 2005 con-

419 2044 610 2087 cedimus
644 2042 832 2094 Cohnio‚
866 2044 940 2098 qui
974 2048 1017 2086 et
1048 2044 1142 2099 ipse
1173 2043 1432 2086 sententiam
1463 2057 1585 2085 suam
1608 2042 1789 2085 mutavit

420 2124 534 2173 (vide
578 2123 630 2165 de
662 2123 882 2178 Aristoph.
915 2123 1015 2178 Byz.
1049 2127 1093 2165 et
1125 2122 1242 2165 Suet.
1277 2122 1438 2176 Tranq.
1471 2122 1590 2164 Eust.
1627 2124 1790 2164 auctor.

418 2216 489 2258 pg.
522 2202 633 2254 360,
668 2203 794 2257 361),
827 2201 967 2245 Schol.
1001 2201 1176 2244 Theaet.
1217 2201 1299 2243 146
1322 2200 1359 2243 A
1380 2201 1418 2242 ἐν
1441 2207 1489 2254 τῇ
1523 2200 1586 2242 διὰ
1613 2200 1788 2253 σφαίρας

419 2281 558 2334 παιδιᾷ
590 2284 633 2322 et
665 2280 804 2323 Schol.
840 2280 981 2335 Lysid.
1017 2281 1103 2322 206
1126 2280 1163 2321 Ε
1193 2279 1508 2331 ἀστραγαλίζων
1541 2293 1564 2321 e
1599 2278 1789 2321 Suetonii

418 2358 529 2402 libro
551 2360 635 2412 περὶ
659 2359 819 2401 παιδιῶν
838 2359 884 2401 in
907 2358 1082 2402 Scholia
1104 2358 1373 2413 pervenisse,
1399 2362 1627 2413 praeterea
1646 2357 1700 2414 gl.
1723 2358 1788 2400 ἐπὶ

419 2437 548 2492 κόρρης
596 2441 641 2481 et
686 2437 927 2490 κερασβόλον
982 2437 1100 2493 apud
1154 2437 1383 2493 Didymum
1438 2436 1593 2480 Milleri
1641 2438 1790 2492 (supra

418 2532 485 2572 pg.
519 2517 601 2567 56,
626 2518 701 2570 91)
723 2517 971 2559 Platonicas
994 2530 1089 2558 esse
1110 2516 1279 2558 Boethi.
1311 2540 1359 2546 -—
1392 2515 1536 2557 Etiam
1559 2516 1612 2557 de
1635 2515 1788 2557 ceteris

418 2597 572 2653 glossis
616 2596 884 2640 scholiorum
926 2595 1081 2641 Cohnii
1126 2595 1340 2640 sententia
1383 2594 1514 2652 digna
1554 2599 1646 2648 est,
1678 2608 1789 2651 quae

419 2680 728 2732 cognoscatur3
760 2676 906 2731 itaque
938 2676 982 2718 in
1016 2673 1102 2717 fine
1138 2674 1294 2730 capitis
1327 2675 1568 2730 sequentis,
1603 2675 1678 2730 qui
1710 2675 1792 2717 erit

418 2755 546 2798 huius
580 2755 953 2798 commentationis
986 2754 1183 2806 ultimus,
1211 2753 1315 2809 quid
1337 2754 1378 2795 ei
1398 2754 1614 2805 videatur,
1635 2753 1788 2796 dicam.
