<?xml version="1.0" encoding="UTF-8"?>
<!DOCTYPE html PUBLIC "-//W3C//DTD XHTML 1.0 Transitional//EN"
    "http://www.w3.org/TR/xhtml1/DTD/xhtml1-transitional.dtd">
<html xmlns="http://www.w3.org/1999/xhtml" xml:lang="en" lang="en">
 <head>
  <title>
</title>
<meta http-equiv="Content-Type" content="text/html;charset=utf-8" />
  <meta name='ocr-system' content='tesseract 3.04.00' />
  <meta name='ocr-capabilities' content='ocr_page ocr_carea ocr_par ocr_line ocrx_word'/>
</head>
<body>
  <div class='ocr_page' id='page_1' title='image "4738097_0076.png"; bbox 0 0 2057 3375; ppageno 0'>
   <div class='ocr_carea' id='block_1_1' title="bbox 888 334 946 376">
    <p class='ocr_par' dir='ltr' id='par_1_1' title="bbox 888 334 946 376">
     <span class='ocr_line' id='line_1_1' title="bbox 888 334 946 376; baseline 0 0"><span class='ocrx_word' id='word_1_1' title='bbox 888 334 946 376; x_wconf 86' lang='lat'><em>59</em></span> 
     </span>
    </p>
   </div>
   <div class='ocr_carea' id='block_1_2' title="bbox 227 472 1600 2826">
    <p class='ocr_par' dir='ltr' id='par_1_2' title="bbox 231 472 1600 1008">
     <span class='ocr_line' id='line_1_2' title="bbox 234 472 1592 528; baseline 0.001 -13"><span class='ocrx_word' id='word_1_2' title='bbox 234 472 350 528; x_wconf 90' lang='lat' dir='ltr'><strong>quod</strong></span> <span class='ocrx_word' id='word_1_3' title='bbox 390 473 607 528; x_wconf 90' lang='lat' dir='ltr'><strong>quomodo</strong></span> <span class='ocrx_word' id='word_1_4' title='bbox 645 473 915 516; x_wconf 78' lang='lat' dir='ltr'><strong>scribendum</strong></span> <span class='ocrx_word' id='word_1_5' title='bbox 949 474 1006 517; x_wconf 84' lang='lat' dir='ltr'><em>sit</em></span> <span class='ocrx_word' id='word_1_6' title='bbox 1036 474 1183 517; x_wconf 87' lang='lat' dir='ltr'><strong>docuit</strong></span> <span class='ocrx_word' id='word_1_7' title='bbox 1213 474 1401 518; x_wconf 84' lang='lat' dir='ltr'><strong>Cobetus</strong></span> <span class='ocrx_word' id='word_1_8' title='bbox 1434 474 1592 517; x_wconf 89' lang='lat' dir='ltr'><strong>Mnem.</strong></span> 
     </span>
     <span class='ocr_line' id='line_1_3' title="bbox 231 551 1600 607; baseline 0 -12"><span class='ocrx_word' id='word_1_9' title='bbox 231 551 294 595; x_wconf 93' lang='lat' dir='ltr'><em>IV</em></span> <span class='ocrx_word' id='word_1_10' title='bbox 336 566 405 607; x_wconf 87' lang='lat' dir='ltr'><em>pg.</em></span> <span class='ocrx_word' id='word_1_11' title='bbox 451 551 567 595; x_wconf 86' lang='lat'>388:</span> <span class='ocrx_word' id='word_1_12' title='bbox 603 552 707 596; x_wconf 63' lang='lat' dir='ltr'><em>‘&#39;Htx</em></span> <span class='ocrx_word' id='word_1_13' title='bbox 750 552 1001 604; x_wconf 66' lang='grc' dir='ltr'><em>δισυλλάβως</em></span> <span class='ocrx_word' id='word_1_14' title='bbox 1049 553 1089 596; x_wconf 82' lang='grc' dir='ltr'><em>τὸ</em></span> <span class='ocrx_word' id='word_1_15' title='bbox 1135 553 1367 606; x_wconf 79' lang='grc' dir='ltr'><em>ἐπορευόμην</em></span> <span class='ocrx_word' id='word_1_16' title='bbox 1401 553 1471 596; x_wconf 84' lang='grc' dir='ltr'><em>σὺν</em></span> <span class='ocrx_word' id='word_1_17' title='bbox 1501 555 1557 606; x_wconf 82' lang='grc' dir='ltr'><em>τῷ</em></span> <span class='ocrx_word' id='word_1_18' title='bbox 1589 570 1600 595; x_wconf 98' lang='grc' dir='ltr'><em>ι</em></span> 
     </span>
     <span class='ocr_line' id='line_1_4' title="bbox 232 629 1599 686; baseline 0.001 -13"><span class='ocrx_word' id='word_1_19' title='bbox 232 629 450 684; x_wconf 69' lang='grc' dir='ltr'><em>γράφεται.</em></span> <span class='ocrx_word' id='word_1_20' title='bbox 489 632 522 673; x_wconf 83' lang='grc' dir='ltr'><em>οἱ</em></span> <span class='ocrx_word' id='word_1_21' title='bbox 563 635 658 682; x_wconf 67' lang='grc' dir='ltr'><em>γοῦν</em></span> <span class='ocrx_word' id='word_1_22' title='bbox 682 631 812 679; x_wconf 89' lang='grc' dir='ltr'><em>’Ίωνες</em></span> <span class='ocrx_word' id='word_1_23' title='bbox 844 631 915 681; x_wconf 78' lang='grc' dir='ltr'><em>ἤϊα</em></span> <span class='ocrx_word' id='word_1_24' title='bbox 946 631 1119 683; x_wconf 73' lang='grc' dir='ltr'><em>λέγουσι.</em></span> <span class='ocrx_word' id='word_1_25' title='bbox 1154 633 1219 675; x_wconf 75' lang='grc' dir='ltr'><em>καὶ</em></span> <span class='ocrx_word' id='word_1_26' title='bbox 1253 631 1353 686; x_wconf 76' lang='grc' dir='ltr'><em>ᾖσαν</em></span> <span class='ocrx_word' id='word_1_27' title='bbox 1386 631 1432 674; x_wconf 85' lang='grc' dir='ltr'><em>τὸ</em></span> <span class='ocrx_word' id='word_1_28' title='bbox 1464 632 1599 686; x_wconf 73' lang='grc' dir='ltr'><em>ᾔεσαν.</em></span> 
     </span>
     <span class='ocr_line' id='line_1_5' title="bbox 232 708 1598 765; baseline 0.002 -15"><span class='ocrx_word' id='word_1_29' title='bbox 232 708 299 751; x_wconf 74' lang='grc' dir='ltr'><em>καὶ</em></span> <span class='ocrx_word' id='word_1_30' title='bbox 317 710 427 762; x_wconf 71' lang='grc' dir='ltr'><em>παρὰ</em></span> <span class='ocrx_word' id='word_1_31' title='bbox 443 710 653 764; x_wconf 66' lang='grc' dir='ltr'><em>Θουκυδίδῃ</em></span> <span class='ocrx_word' id='word_1_32' title='bbox 668 708 785 758; x_wconf 76' lang='grc' dir='ltr'><em>οὕτως</em></span> <span class='ocrx_word' id='word_1_33' title='bbox 800 712 1071 762; x_wconf 67' lang='grc' dir='ltr'><em>ἀναγνωστέον</em></span> <span class='ocrx_word' id='word_1_34' title='bbox 1081 727 1090 737; x_wconf 93' lang='grc'>·</span> <span class='ocrx_word' id='word_1_35' title='bbox 1108 711 1165 754; x_wconf 75' lang='grc' dir='ltr'><em>ὅτι</em></span> <span class='ocrx_word' id='word_1_36' title='bbox 1183 711 1426 765; x_wconf 71' lang='grc' dir='ltr'><em>ἀκμάζοντές</em></span> <span class='ocrx_word' id='word_1_37' title='bbox 1439 728 1483 753; x_wconf 86' lang='grc' dir='ltr'><em>τε</em></span> <span class='ocrx_word' id='word_1_38' title='bbox 1498 710 1598 765; x_wconf 76' lang='grc' dir='ltr'><em>ᾖσαν</em></span> 
     </span>
     <span class='ocr_line' id='line_1_6' title="bbox 232 791 1600 849; baseline 0.003 -16"><span class='ocrx_word' id='word_1_39' title='bbox 232 792 285 838; x_wconf 83' lang='grc' dir='ltr'><em>εἷς</em></span> <span class='ocrx_word' id='word_1_40' title='bbox 323 791 455 836; x_wconf 83' lang='grc' dir='ltr'><em>αὐτόν.</em></span> <span class='ocrx_word' id='word_1_41' title='bbox 498 792 530 834; x_wconf 82' lang='grc' dir='ltr'><em>οἱ</em></span> <span class='ocrx_word' id='word_1_42' title='bbox 572 792 611 834; x_wconf 78' lang='grc' dir='ltr'><em>δὲ</em></span> <span class='ocrx_word' id='word_1_43' title='bbox 650 792 780 840; x_wconf 85' lang='grc' dir='ltr'><em>Ἴωνες</em></span> <span class='ocrx_word' id='word_1_44' title='bbox 825 793 950 843; x_wconf 78' lang='grc' dir='ltr'><em>ἤισαν.</em></span> <span class='ocrx_word' id='word_1_45' title='bbox 985 792 1039 836; x_wconf 83' lang='lat' dir='ltr'><em>cf.</em></span> <span class='ocrx_word' id='word_1_46' title='bbox 1071 792 1218 837; x_wconf 82' lang='lat' dir='ltr'><strong>Cobet.</strong></span> <span class='ocrx_word' id='word_1_47' title='bbox 1251 792 1352 837; x_wconf 82' lang='lat' dir='ltr'><strong>Var.</strong></span> <span class='ocrx_word' id='word_1_48' title='bbox 1382 792 1499 837; x_wconf 84' lang='lat' dir='ltr'><strong>Lect.</strong></span> <span class='ocrx_word' id='word_1_49' title='bbox 1530 807 1600 849; x_wconf 76' lang='lat' dir='ltr'><em>pg-</em></span> 
     </span>
     <span class='ocr_line' id='line_1_7' title="bbox 233 871 1597 929; baseline 0.001 -15"><span class='ocrx_word' id='word_1_50' title='bbox 233 871 312 926; x_wconf 87' lang='lat'><em>33,</em></span> <span class='ocrx_word' id='word_1_51' title='bbox 346 871 502 915; x_wconf 86' lang='lat' dir='ltr'><strong>Naber.</strong></span> <span class='ocrx_word' id='word_1_52' title='bbox 534 871 592 915; x_wconf 86' lang='lat' dir='ltr'><em>ad</em></span> <span class='ocrx_word' id='word_1_53' title='bbox 622 871 743 915; x_wconf 91' lang='lat' dir='ltr'><strong>Phot.</strong></span> <span class='ocrx_word' id='word_1_54' title='bbox 776 873 821 914; x_wconf 92' lang='lat' dir='ltr'><em>in</em></span> <span class='ocrx_word' id='word_1_55' title='bbox 853 888 907 924; x_wconf 89' lang='lat' dir='ltr'><em>v.,</em></span> <span class='ocrx_word' id='word_1_56' title='bbox 941 872 1154 917; x_wconf 82' lang='lat' dir='ltr'><strong>Schwartz</strong></span> <span class='ocrx_word' id='word_1_57' title='bbox 1185 872 1274 916; x_wconf 90' lang='lat' dir='ltr'><strong>Ael.</strong></span> <span class='ocrx_word' id='word_1_58' title='bbox 1306 872 1426 916; x_wconf 88' lang='lat' dir='ltr'><strong>Dion.</strong></span> <span class='ocrx_word' id='word_1_59' title='bbox 1449 873 1571 929; x_wconf 83' lang='lat' dir='ltr'><strong>reliq.</strong></span> <span class='ocrx_word' id='word_1_60' title='bbox 1586 907 1597 925; x_wconf 96' lang='lat'><em>‚</em></span> 
     </span>
     <span class='ocr_line' id='line_1_8' title="bbox 234 949 1597 1008; baseline 0.001 -15"><span class='ocrx_word' id='word_1_61' title='bbox 234 949 374 994; x_wconf 85' lang='lat' dir='ltr'><strong>Schol.</strong></span> <span class='ocrx_word' id='word_1_62' title='bbox 416 951 536 1006; x_wconf 91' lang='lat' dir='ltr'>Apol.</span> <span class='ocrx_word' id='word_1_63' title='bbox 575 950 694 996; x_wconf 88' lang='lat' dir='ltr'><strong>Socr.</strong></span> <span class='ocrx_word' id='word_1_64' title='bbox 737 953 792 994; x_wconf 89' lang='grc'><em>21</em></span> <span class='ocrx_word' id='word_1_65' title='bbox 826 952 875 995; x_wconf 89' lang='grc' dir='ltr'><em>Ε.</em></span> <span class='ocrx_word' id='word_1_66' title='bbox 906 952 1047 996; x_wconf 87' lang='lat' dir='ltr'><strong>Locus</strong></span> <span class='ocrx_word' id='word_1_67' title='bbox 1080 952 1341 1008; x_wconf 83' lang='lat' dir='ltr'><strong>Thucydidis</strong></span> <span class='ocrx_word' id='word_1_68' title='bbox 1374 957 1441 995; x_wconf 79' lang='lat' dir='ltr'><em>est</em></span> <span class='ocrx_word' id='word_1_69' title='bbox 1472 952 1521 996; x_wconf 88' lang='lat' dir='ltr'><em>I:</em></span> <span class='ocrx_word' id='word_1_70' title='bbox 1558 953 1597 995; x_wconf 91' lang='grc'><em>1.</em></span> 
     </span>
    </p>

    <p class='ocr_par' dir='ltr' id='par_1_3' title="bbox 234 1029 1600 1240">
     <span class='ocr_line' id='line_1_9' title="bbox 292 1029 1597 1085; baseline 0.002 -14"><span class='ocrx_word' id='word_1_71' title='bbox 292 1029 396 1072; x_wconf 89' lang='lat' dir='ltr'><strong>ibid.</strong></span> <span class='ocrx_word' id='word_1_72' title='bbox 431 1030 518 1074; x_wconf 86' lang='lat' dir='ltr'><em>VI:</em></span> <span class='ocrx_word' id='word_1_73' title='bbox 551 1030 639 1073; x_wconf 90' lang='lat'><em>488</em></span> <span class='ocrx_word' id='word_1_74' title='bbox 672 1031 710 1073; x_wconf 89' lang='lat' dir='ltr'><strong>A</strong></span> <span class='ocrx_word' id='word_1_75' title='bbox 753 1031 925 1085; x_wconf 70' lang='grc' dir='ltr'><em>εἰκάζω</em></span> <span class='ocrx_word' id='word_1_76' title='bbox 957 1032 1002 1074; x_wconf 82' lang='grc' dir='ltr'><em>τὸ</em></span> <span class='ocrx_word' id='word_1_77' title='bbox 1034 1032 1170 1081; x_wconf 69' lang='grc' dir='ltr'><em>ὁμοιῶ,</em></span> <span class='ocrx_word' id='word_1_78' title='bbox 1205 1032 1271 1073; x_wconf 75' lang='grc' dir='ltr'><em>καὶ</em></span> <span class='ocrx_word' id='word_1_79' title='bbox 1303 1031 1348 1074; x_wconf 80' lang='grc' dir='ltr'><em>τὸ</em></span> <span class='ocrx_word' id='word_1_80' title='bbox 1388 1030 1597 1084; x_wconf 81' lang='grc' dir='ltr'><em>εἶκονίζω</em></span> 
     </span>
     <span class='ocr_line' id='line_1_10' title="bbox 234 1108 1600 1164; baseline 0.003 -14"><span class='ocrx_word' id='word_1_81' title='bbox 234 1108 278 1150; x_wconf 86' lang='grc' dir='ltr'><em>τὸ</em></span> <span class='ocrx_word' id='word_1_82' title='bbox 320 1110 417 1151; x_wconf 80' lang='grc' dir='ltr'><em>αὐτὸ</em></span> <span class='ocrx_word' id='word_1_83' title='bbox 460 1109 580 1157; x_wconf 82' lang='grc' dir='ltr'><em>δηλοῖ.</em></span> <span class='ocrx_word' id='word_1_84' title='bbox 625 1116 773 1163; x_wconf 78' lang='grc' dir='ltr'><em>χρῆται</em></span> <span class='ocrx_word' id='word_1_85' title='bbox 815 1111 855 1152; x_wconf 87' lang='grc' dir='ltr'><em>δὲ</em></span> <span class='ocrx_word' id='word_1_86' title='bbox 895 1118 945 1164; x_wconf 71' lang='grc' dir='ltr'><em>τῇ</em></span> <span class='ocrx_word' id='word_1_87' title='bbox 988 1109 1092 1160; x_wconf 80' lang='grc' dir='ltr'><em>λέξει</em></span> <span class='ocrx_word' id='word_1_88' title='bbox 1134 1110 1157 1153; x_wconf 76' lang='grc' dir='ltr'><em>δ’</em></span> <span class='ocrx_word' id='word_1_89' title='bbox 1194 1127 1241 1153; x_wconf 89' lang='grc' dir='ltr'><em>τε</em></span> <span class='ocrx_word' id='word_1_90' title='bbox 1273 1114 1448 1163; x_wconf 83' lang='grc' dir='ltr'><em>Ξενοφῶν</em></span> <span class='ocrx_word' id='word_1_91' title='bbox 1479 1111 1547 1153; x_wconf 78' lang='grc' dir='ltr'><em>καὶ</em></span> <span class='ocrx_word' id='word_1_92' title='bbox 1581 1112 1600 1154; x_wconf 82' lang='lat'><em>0‘</em></span> 
     </span>
     <span class='ocr_line' id='line_1_11' title="bbox 234 1187 787 1240; baseline 0.005 -11"><span class='ocrx_word' id='word_1_93' title='bbox 234 1188 524 1240; x_wconf 74' lang='grc' dir='ltr'><em>Ἀριστοφάνης</em></span> <span class='ocrx_word' id='word_1_94' title='bbox 555 1187 621 1230; x_wconf 77' lang='grc' dir='ltr'><em>καὶ</em></span> <span class='ocrx_word' id='word_1_95' title='bbox 655 1188 787 1232; x_wconf 76' lang='grc' dir='ltr'><em>ἄλλοι.</em></span> 
     </span>
    </p>

    <p class='ocr_par' dir='ltr' id='par_1_4' title="bbox 241 1265 1599 1401">
     <span class='ocr_line' id='line_1_12' title="bbox 301 1265 1599 1323; baseline 0.002 -16"><span class='ocrx_word' id='word_1_96' title='bbox 301 1265 366 1308; x_wconf 88' lang='lat' dir='ltr'><em>Ex</em></span> <span class='ocrx_word' id='word_1_97' title='bbox 389 1265 511 1310; x_wconf 91' lang='lat' dir='ltr'><strong>Aelio</strong></span> <span class='ocrx_word' id='word_1_98' title='bbox 533 1266 737 1323; x_wconf 82' lang='lat' dir='ltr'><strong>Dionysio</strong></span> <span class='ocrx_word' id='word_1_99' title='bbox 758 1265 936 1310; x_wconf 84' lang='lat' dir='ltr'><strong>fluxisse</strong></span> <span class='ocrx_word' id='word_1_100' title='bbox 959 1267 1173 1323; x_wconf 85' lang='lat' dir='ltr'><strong>suspicor,</strong></span> <span class='ocrx_word' id='word_1_101' title='bbox 1195 1267 1271 1322; x_wconf 91' lang='lat' dir='ltr'><em>qui</em></span> <span class='ocrx_word' id='word_1_102' title='bbox 1285 1267 1599 1323; x_wconf 83' lang='lat' dir='ltr'><strong>Diogenianum</strong></span> 
     </span>
     <span class='ocr_line' id='line_1_13' title="bbox 241 1343 1357 1401; baseline 0.002 -14"><span class='ocrx_word' id='word_1_103' title='bbox 241 1343 489 1388; x_wconf 78' lang='lat' dir='ltr'><strong>adhibebat.</strong></span> <span class='ocrx_word' id='word_1_104' title='bbox 521 1344 787 1401; x_wconf 82' lang='lat' dir='ltr'><strong>Hesychius:</strong></span> <span class='ocrx_word' id='word_1_105' title='bbox 826 1345 1109 1400; x_wconf 73' lang='grc' dir='ltr'><em>εἰκάζομεν·</em></span> <span class='ocrx_word' id='word_1_106' title='bbox 1142 1347 1357 1397; x_wconf 79' lang='grc' dir='ltr'><em>ὁμοιοῦμεν.</em></span> 
     </span>
    </p>

    <p class='ocr_par' dir='ltr' id='par_1_5' title="bbox 231 1423 1598 1632">
     <span class='ocr_line' id='line_1_14' title="bbox 294 1423 1598 1480; baseline 0.002 -14"><span class='ocrx_word' id='word_1_107' title='bbox 294 1423 434 1467; x_wconf 86' lang='lat' dir='ltr'><strong>Schol.</strong></span> <span class='ocrx_word' id='word_1_108' title='bbox 481 1424 600 1468; x_wconf 79' lang='lat' dir='ltr'><strong>Criti.</strong></span> <span class='ocrx_word' id='word_1_109' title='bbox 653 1426 738 1468; x_wconf 83' lang='lat'><em>112</em></span> <span class='ocrx_word' id='word_1_110' title='bbox 780 1425 830 1468; x_wconf 92' lang='grc' dir='ltr'><em>Β.</em></span> <span class='ocrx_word' id='word_1_111' title='bbox 875 1424 1104 1475; x_wconf 74' lang='grc' dir='ltr'><em>ξυσσίτια</em></span> <span class='ocrx_word' id='word_1_112' title='bbox 1149 1427 1204 1468; x_wconf 72' lang='grc' dir='ltr'><em>τοὶ</em></span> <span class='ocrx_word' id='word_1_113' title='bbox 1246 1427 1386 1468; x_wconf 84' lang='grc' dir='ltr'><em>δεῖπνα</em></span> <span class='ocrx_word' id='word_1_114' title='bbox 1426 1425 1455 1468; x_wconf 79' lang='grc' dir='ltr'><em>ἃ</em></span> <span class='ocrx_word' id='word_1_115' title='bbox 1496 1434 1598 1480; x_wconf 72' lang='grc' dir='ltr'><em>κοινῇ</em></span> 
     </span>
     <span class='ocr_line' id='line_1_15' title="bbox 231 1504 1597 1563; baseline 0.003 -18"><span class='ocrx_word' id='word_1_116' title='bbox 231 1507 429 1546; x_wconf 83' lang='grc' dir='ltr'><em>ποιοῦνται</em></span> <span class='ocrx_word' id='word_1_117' title='bbox 454 1504 767 1556; x_wconf 83' lang='grc' dir='ltr'><em>Λακεδαιμόνιοι.</em></span> <span class='ocrx_word' id='word_1_118' title='bbox 790 1509 976 1548; x_wconf 82' lang='grc' dir='ltr'><em>καλεῖται</em></span> <span class='ocrx_word' id='word_1_119' title='bbox 999 1505 1038 1548; x_wconf 81' lang='grc' dir='ltr'><em>δὲ</em></span> <span class='ocrx_word' id='word_1_120' title='bbox 1060 1506 1127 1548; x_wconf 80' lang='grc' dir='ltr'><em>καὶ</em></span> <span class='ocrx_word' id='word_1_121' title='bbox 1151 1506 1336 1563; x_wconf 79' lang='grc' dir='ltr'><em>φιλίτια,</em></span> <span class='ocrx_word' id='word_1_122' title='bbox 1355 1506 1439 1549; x_wconf 77' lang='grc' dir='ltr'><em>ἐπεὶ</em></span> <span class='ocrx_word' id='word_1_123' title='bbox 1456 1506 1597 1561; x_wconf 80' lang='grc' dir='ltr'><em>φιλίας</em></span> 
     </span>
     <span class='ocr_line' id='line_1_16' title="bbox 234 1581 604 1632; baseline 0.005 -9"><span class='ocrx_word' id='word_1_124' title='bbox 234 1581 456 1632; x_wconf 73' lang='grc' dir='ltr'><em>συναγωγαὶ</em></span> <span class='ocrx_word' id='word_1_125' title='bbox 487 1583 604 1626; x_wconf 86' lang='grc' dir='ltr'><em>ἐστιν,</em></span> 
     </span>
    </p>

    <p class='ocr_par' dir='ltr' id='par_1_6' title="bbox 295 1661 1596 1721">
     <span class='ocr_line' id='line_1_17' title="bbox 295 1661 1596 1721; baseline 0.003 -17"><span class='ocrx_word' id='word_1_126' title='bbox 295 1661 416 1704; x_wconf 87' lang='lat' dir='ltr'><strong>Idem</strong></span> <span class='ocrx_word' id='word_1_127' title='bbox 439 1663 554 1717; x_wconf 82' lang='lat' dir='ltr'><strong>apud</strong></span> <span class='ocrx_word' id='word_1_128' title='bbox 577 1662 700 1706; x_wconf 88' lang='lat' dir='ltr'><strong>Phot.</strong></span> <span class='ocrx_word' id='word_1_129' title='bbox 723 1668 766 1706; x_wconf 87' lang='lat' dir='ltr'><em>et</em></span> <span class='ocrx_word' id='word_1_130' title='bbox 788 1662 945 1706; x_wconf 80' lang='lat' dir='ltr'><strong>similia</strong></span> <span class='ocrx_word' id='word_1_131' title='bbox 965 1663 1105 1707; x_wconf 90' lang='lat' dir='ltr'><strong>inlex.</strong></span> <span class='ocrx_word' id='word_1_132' title='bbox 1123 1664 1234 1707; x_wconf 88' lang='lat' dir='ltr'><strong>rhet.</strong></span> <span class='ocrx_word' id='word_1_133' title='bbox 1250 1664 1384 1707; x_wconf 88' lang='lat' dir='ltr'><strong>Bekk.</strong></span> <span class='ocrx_word' id='word_1_134' title='bbox 1403 1665 1504 1721; x_wconf 86' lang='lat'><strong>303,</strong></span> <span class='ocrx_word' id='word_1_135' title='bbox 1528 1667 1596 1708; x_wconf 82' lang='lat'><em>21.</em></span> 
     </span>
    </p>

    <p class='ocr_par' dir='ltr' id='par_1_7' title="bbox 229 1740 1598 2110">
     <span class='ocr_line' id='line_1_18' title="bbox 293 1740 1598 1797; baseline 0.002 -14"><span class='ocrx_word' id='word_1_136' title='bbox 293 1740 435 1783; x_wconf 88' lang='lat' dir='ltr'><strong>Schol.</strong></span> <span class='ocrx_word' id='word_1_137' title='bbox 467 1741 599 1797; x_wconf 85' lang='lat' dir='ltr'><strong>Legg.</strong></span> <span class='ocrx_word' id='word_1_138' title='bbox 624 1742 732 1785; x_wconf 83' lang='lat' dir='ltr'>VII:</span> <span class='ocrx_word' id='word_1_139' title='bbox 758 1742 845 1785; x_wconf 85' lang='lat'><em>813</em></span> <span class='ocrx_word' id='word_1_140' title='bbox 867 1743 917 1785; x_wconf 92' lang='lat' dir='ltr'><em>D.</em></span> <span class='ocrx_word' id='word_1_141' title='bbox 950 1749 1309 1792; x_wconf 78' lang='grc' dir='ltr'><em>πελταστικῆς·</em></span> <span class='ocrx_word' id='word_1_142' title='bbox 1343 1745 1471 1793; x_wconf 87' lang='grc' dir='ltr'><em>πέλτη</em></span> <span class='ocrx_word' id='word_1_143' title='bbox 1494 1746 1598 1786; x_wconf 79' lang='grc' dir='ltr'><em>ἐστὶν</em></span> 
     </span>
     <span class='ocr_line' id='line_1_19' title="bbox 230 1817 1598 1876; baseline 0.004 -14"><span class='ocrx_word' id='word_1_144' title='bbox 230 1817 326 1867; x_wconf 77' lang='grc' dir='ltr'><em>εἶδος</em></span> <span class='ocrx_word' id='word_1_145' title='bbox 359 1820 544 1872; x_wconf 71' lang='grc' dir='ltr'><em>ἀσπίδος,</em></span> <span class='ocrx_word' id='word_1_146' title='bbox 586 1820 634 1869; x_wconf 75' lang='grc' dir='ltr'><em>ὥς</em></span> <span class='ocrx_word' id='word_1_147' title='bbox 675 1826 796 1876; x_wconf 91' lang='grc' dir='ltr'><em>φησιν</em></span> <span class='ocrx_word' id='word_1_148' title='bbox 826 1821 1127 1876; x_wconf 76' lang='grc' dir='ltr'><em>Ἀριστοτέλης,</em></span> <span class='ocrx_word' id='word_1_149' title='bbox 1161 1821 1244 1873; x_wconf 73' lang='grc' dir='ltr'><em>ἥτις</em></span> <span class='ocrx_word' id='word_1_150' title='bbox 1275 1823 1358 1867; x_wconf 83' lang='grc' dir='ltr'><em>ἴτυν</em></span> <span class='ocrx_word' id='word_1_151' title='bbox 1388 1824 1456 1866; x_wconf 82' lang='grc' dir='ltr'><em>οὐκ</em></span> <span class='ocrx_word' id='word_1_152' title='bbox 1487 1822 1598 1876; x_wconf 82' lang='grc' dir='ltr'><em>ἔχει,</em></span> 
     </span>
     <span class='ocr_line' id='line_1_20' title="bbox 230 1897 1597 1956; baseline 0.003 -15"><span class='ocrx_word' id='word_1_153' title='bbox 230 1897 308 1942; x_wconf 82' lang='grc' dir='ltr'><em>οὐδ’</em></span> <span class='ocrx_word' id='word_1_154' title='bbox 349 1898 454 1943; x_wconf 80' lang='grc' dir='ltr'><em>ἔστιν</em></span> <span class='ocrx_word' id='word_1_155' title='bbox 497 1899 742 1955; x_wconf 84' lang='grc' dir='ltr'><em>ἐπίχαλκος,</em></span> <span class='ocrx_word' id='word_1_156' title='bbox 785 1900 868 1944; x_wconf 80' lang='grc' dir='ltr'><em>οὐδὲ</em></span> <span class='ocrx_word' id='word_1_157' title='bbox 904 1900 994 1953; x_wconf 83' lang='grc' dir='ltr'><em>βοὸς</em></span> <span class='ocrx_word' id='word_1_158' title='bbox 1026 1902 1122 1945; x_wconf 76' lang='grc' dir='ltr'><em>αλλ’</em></span> <span class='ocrx_word' id='word_1_159' title='bbox 1154 1901 1270 1954; x_wconf 73' lang='grc' dir='ltr'><em>αἰγὸς</em></span> <span class='ocrx_word' id='word_1_160' title='bbox 1302 1901 1463 1955; x_wconf 85' lang='grc' dir='ltr'><em>δέρματι</em></span> <span class='ocrx_word' id='word_1_161' title='bbox 1495 1918 1597 1956; x_wconf 80' lang='grc' dir='ltr'><em>περι·</em></span> 
     </span>
     <span class='ocr_line' id='line_1_21' title="bbox 229 1980 1597 2034; baseline 0.004 -14"><span class='ocrx_word' id='word_1_162' title='bbox 229 1980 453 2030; x_wconf 86' lang='grc' dir='ltr'><em>τεταμένη,</em></span> <span class='ocrx_word' id='word_1_163' title='bbox 496 1981 563 2021; x_wconf 81' lang='grc' dir='ltr'><em>καὶ</em></span> <span class='ocrx_word' id='word_1_164' title='bbox 607 1983 628 2029; x_wconf 79' lang='grc' dir='ltr'><strong><em>ἧ</em></strong></span> <span class='ocrx_word' id='word_1_165' title='bbox 673 1982 801 2032; x_wconf 70' lang='grc' dir='ltr'><em>ταύτῃ</em></span> <span class='ocrx_word' id='word_1_166' title='bbox 841 1983 1023 2033; x_wconf 78' lang='grc' dir='ltr'><em>χρωμένη</em></span> <span class='ocrx_word' id='word_1_167' title='bbox 1064 1983 1189 2034; x_wconf 81' lang='grc' dir='ltr'><em>τέχνη</em></span> <span class='ocrx_word' id='word_1_168' title='bbox 1222 1984 1496 2033; x_wconf 79' lang='grc' dir='ltr'><em>πελταστική,</em></span> <span class='ocrx_word' id='word_1_169' title='bbox 1530 1984 1597 2025; x_wconf 78' lang='grc' dir='ltr'><em>καὶ</em></span> 
     </span>
     <span class='ocr_line' id='line_1_22' title="bbox 230 2058 933 2110; baseline 0.004 -11"><span class='ocrx_word' id='word_1_170' title='bbox 230 2058 461 2101; x_wconf 79' lang='grc' dir='ltr'><em>πελτασταὶ</em></span> <span class='ocrx_word' id='word_1_171' title='bbox 494 2059 527 2101; x_wconf 83' lang='grc' dir='ltr'><em>οἱ</em></span> <span class='ocrx_word' id='word_1_172' title='bbox 560 2058 761 2110; x_wconf 83' lang='grc' dir='ltr'><em>μετιόντες</em></span> <span class='ocrx_word' id='word_1_173' title='bbox 795 2059 933 2109; x_wconf 78' lang='grc' dir='ltr'><em>αὐτήν.</em></span> 
     </span>
    </p>

    <p class='ocr_par' dir='ltr' id='par_1_8' title="bbox 229 2135 1596 2271">
     <span class='ocr_line' id='line_1_23' title="bbox 290 2135 1596 2192; baseline 0.004 -15"><span class='ocrx_word' id='word_1_174' title='bbox 290 2135 357 2177; x_wconf 91' lang='lat' dir='ltr'><em>Ad</em></span> <span class='ocrx_word' id='word_1_175' title='bbox 404 2135 580 2178; x_wconf 89' lang='lat' dir='ltr'><strong>verbum</strong></span> <span class='ocrx_word' id='word_1_176' title='bbox 627 2136 717 2179; x_wconf 87' lang='lat' dir='ltr'><strong>fere</strong></span> <span class='ocrx_word' id='word_1_177' title='bbox 765 2151 861 2179; x_wconf 87' lang='lat' dir='ltr'><em>cum</em></span> <span class='ocrx_word' id='word_1_178' title='bbox 909 2137 993 2180; x_wconf 85' lang='lat' dir='ltr'><strong>hac</strong></span> <span class='ocrx_word' id='word_1_179' title='bbox 1034 2137 1182 2192; x_wconf 84' lang='lat' dir='ltr'>glossa</span> <span class='ocrx_word' id='word_1_180' title='bbox 1223 2140 1481 2182; x_wconf 88' lang='lat' dir='ltr'><strong>conveniunt</strong></span> <span class='ocrx_word' id='word_1_181' title='bbox 1522 2153 1596 2192; x_wconf 84' lang='lat' dir='ltr'><em>ea,</em></span> 
     </span>
     <span class='ocr_line' id='line_1_24' title="bbox 229 2215 1591 2271; baseline 0.004 -13"><span class='ocrx_word' id='word_1_182' title='bbox 229 2229 340 2271; x_wconf 84' lang='lat' dir='ltr'><strong>quae</strong></span> <span class='ocrx_word' id='word_1_183' title='bbox 382 2215 559 2259; x_wconf 85' lang='lat' dir='ltr'><strong>Photius</strong></span> <span class='ocrx_word' id='word_1_184' title='bbox 602 2220 646 2260; x_wconf 91' lang='lat' dir='ltr'><em>et</em></span> <span class='ocrx_word' id='word_1_185' title='bbox 676 2216 778 2260; x_wconf 90' lang='lat' dir='ltr'><strong>Lex.</strong></span> <span class='ocrx_word' id='word_1_186' title='bbox 812 2217 966 2261; x_wconf 79' lang='lat' dir='ltr'><strong>rhetor.</strong></span> <span class='ocrx_word' id='word_1_187' title='bbox 1000 2216 1134 2260; x_wconf 89' lang='lat' dir='ltr'><strong>Bekk.</strong></span> <span class='ocrx_word' id='word_1_188' title='bbox 1168 2218 1253 2261; x_wconf 80' lang='lat'><em>297</em></span> <span class='ocrx_word' id='word_1_189' title='bbox 1270 2252 1281 2270; x_wconf 94' lang='lat'><strong><em>‚</em></strong></span> <span class='ocrx_word' id='word_1_190' title='bbox 1315 2218 1341 2260; x_wconf 90' lang='grc'>8</span> <span class='ocrx_word' id='word_1_191' title='bbox 1375 2218 1591 2263; x_wconf 83' lang='lat' dir='ltr'><strong>exhibent.</strong></span> 
     </span>
    </p>

    <p class='ocr_par' dir='ltr' id='par_1_9' title="bbox 227 2293 1596 2750">
     <span class='ocr_line' id='line_1_25' title="bbox 288 2293 1596 2342; baseline 0.005 -6"><span class='ocrx_word' id='word_1_192' title='bbox 288 2293 409 2337; x_wconf 80' lang='lat' dir='ltr'><strong>Phot.</strong></span> <span class='ocrx_word' id='word_1_193' title='bbox 473 2296 780 2337; x_wconf 89' lang='grc' dir='ltr'><em>πελτασταί·</em></span> <span class='ocrx_word' id='word_1_194' title='bbox 843 2297 877 2338; x_wconf 84' lang='grc' dir='ltr'><em>οἱ</em></span> <span class='ocrx_word' id='word_1_195' title='bbox 999 2296 1102 2340; x_wconf 79' lang='lat' dir='ltr'><strong>LeX.</strong></span> <span class='ocrx_word' id='word_1_196' title='bbox 1146 2297 1253 2340; x_wconf 84' lang='lat' dir='ltr'><strong>rhet.</strong></span> <span class='ocrx_word' id='word_1_197' title='bbox 1298 2297 1434 2342; x_wconf 85' lang='lat' dir='ltr'><strong>Bekk.</strong></span> <span class='ocrx_word' id='word_1_198' title='bbox 1483 2309 1596 2341; x_wconf 88' lang='grc' dir='ltr'><em>πελ-</em></span> 
     </span>
     <span class='ocr_line' id='line_1_26' title="bbox 228 2372 1592 2428; baseline 0.004 -13"><span class='ocrx_word' id='word_1_199' title='bbox 228 2372 383 2421; x_wconf 86' lang='grc' dir='ltr'><em>πέλτας</em></span> <span class='ocrx_word' id='word_1_200' title='bbox 421 2372 579 2426; x_wconf 84' lang='grc' dir='ltr'><em>ἔχοντες</em></span> <span class='ocrx_word' id='word_1_201' title='bbox 611 2378 874 2426; x_wconf 78' lang='grc' dir='ltr'><em>στρατιῶται·</em></span> <span class='ocrx_word' id='word_1_202' title='bbox 937 2376 1144 2418; x_wconf 89' lang='grc' dir='ltr'><em>τασταί·</em></span> <span class='ocrx_word' id='word_1_203' title='bbox 1198 2379 1441 2428; x_wconf 81' lang='grc' dir='ltr'><em>στρατιῶταί</em></span> <span class='ocrx_word' id='word_1_204' title='bbox 1491 2395 1592 2424; x_wconf 80' lang='grc' dir='ltr'><em>τινες</em></span> 
     </span>
     <span class='ocr_line' id='line_1_27' title="bbox 229 2449 1593 2507; baseline 0.004 -14"><span class='ocrx_word' id='word_1_205' title='bbox 229 2452 357 2499; x_wconf 89' lang='grc' dir='ltr'><em>πέλτη</em></span> <span class='ocrx_word' id='word_1_206' title='bbox 400 2451 439 2493; x_wconf 80' lang='grc' dir='ltr'><em>δὲ</em></span> <span class='ocrx_word' id='word_1_207' title='bbox 481 2449 579 2499; x_wconf 83' lang='grc' dir='ltr'><em>εἶδος</em></span> <span class='ocrx_word' id='word_1_208' title='bbox 616 2453 780 2500; x_wconf 69' lang='grc' dir='ltr'><em>ἀσπίδος</em></span> <span class='ocrx_word' id='word_1_209' title='bbox 812 2455 880 2496; x_wconf 83' lang='grc' dir='ltr'><em>οὐκ</em></span> <span class='ocrx_word' id='word_1_210' title='bbox 942 2454 1091 2503; x_wconf 84' lang='grc' dir='ltr'><em>πέλτην</em></span> <span class='ocrx_word' id='word_1_211' title='bbox 1123 2455 1297 2507; x_wconf 82' lang='grc' dir='ltr'><em>ἔχοντες.</em></span> <span class='ocrx_word' id='word_1_212' title='bbox 1332 2456 1350 2498; x_wconf 87' lang='lat' dir='ltr'><em>o‘</em></span> <span class='ocrx_word' id='word_1_213' title='bbox 1377 2456 1416 2498; x_wconf 81' lang='grc' dir='ltr'><em>δὲ</em></span> <span class='ocrx_word' id='word_1_214' title='bbox 1443 2456 1593 2505; x_wconf 86' lang='grc' dir='ltr'><em>πέλτης</em></span> 
     </span>
     <span class='ocr_line' id='line_1_28' title="bbox 227 2529 1593 2587; baseline 0.004 -16"><span class='ocrx_word' id='word_1_215' title='bbox 227 2531 395 2584; x_wconf 79' lang='grc' dir='ltr'><em>ἐχούσης</em></span> <span class='ocrx_word' id='word_1_216' title='bbox 418 2529 520 2580; x_wconf 90' lang='grc' dir='ltr'><em>ἴτυν,</em></span> <span class='ocrx_word' id='word_1_217' title='bbox 539 2532 615 2573; x_wconf 81' lang='grc' dir='ltr'><em>οὐδ’</em></span> <span class='ocrx_word' id='word_1_218' title='bbox 632 2532 876 2584; x_wconf 82' lang='grc' dir='ltr'><em>ἐπίχαλκον,</em></span> <span class='ocrx_word' id='word_1_219' title='bbox 939 2529 1038 2580; x_wconf 77' lang='grc' dir='ltr'><em>εἶδός</em></span> <span class='ocrx_word' id='word_1_220' title='bbox 1061 2534 1164 2576; x_wconf 81' lang='grc' dir='ltr'><em>ἐστιν</em></span> <span class='ocrx_word' id='word_1_221' title='bbox 1193 2534 1335 2583; x_wconf 71' lang='grc' dir='ltr'><em>ὅπλου,</em></span> <span class='ocrx_word' id='word_1_222' title='bbox 1359 2531 1431 2577; x_wconf 81' lang='grc' dir='ltr'><em>οἷον</em></span> <span class='ocrx_word' id='word_1_223' title='bbox 1446 2536 1593 2587; x_wconf 70' lang='grc' dir='ltr'><em>ἀσπίς,</em></span> 
     </span>
     <span class='ocr_line' id='line_1_29' title="bbox 227 2609 1591 2666; baseline 0.004 -14"><span class='ocrx_word' id='word_1_224' title='bbox 227 2609 309 2653; x_wconf 82' lang='grc' dir='ltr'><em>οὐδὲ</em></span> <span class='ocrx_word' id='word_1_225' title='bbox 340 2609 431 2660; x_wconf 75' lang='grc' dir='ltr'><em>βοὸς</em></span> <span class='ocrx_word' id='word_1_226' title='bbox 457 2609 555 2652; x_wconf 68' lang='grc' dir='ltr'><em>ἀλλ’</em></span> <span class='ocrx_word' id='word_1_227' title='bbox 577 2610 689 2662; x_wconf 71' lang='grc' dir='ltr'><em>αἰγὸς</em></span> <span class='ocrx_word' id='word_1_228' title='bbox 711 2610 874 2664; x_wconf 86' lang='grc' dir='ltr'><em>δέρματι</em></span> <span class='ocrx_word' id='word_1_229' title='bbox 937 2612 1021 2655; x_wconf 89' lang='grc' dir='ltr'><em>ἴτυν</em></span> <span class='ocrx_word' id='word_1_230' title='bbox 1063 2613 1131 2654; x_wconf 83' lang='grc' dir='ltr'><em>οὐκ</em></span> <span class='ocrx_word' id='word_1_231' title='bbox 1176 2612 1352 2666; x_wconf 84' lang='grc' dir='ltr'><em>ἔχουσα,</em></span> <span class='ocrx_word' id='word_1_232' title='bbox 1386 2614 1469 2657; x_wconf 81' lang='grc' dir='ltr'><em>οὐδὲ</em></span> <span class='ocrx_word' id='word_1_233' title='bbox 1499 2614 1591 2666; x_wconf 81' lang='grc' dir='ltr'><em>βοὸς</em></span> 
     </span>
     <span class='ocr_line' id='line_1_30' title="bbox 228 2689 1591 2750; baseline 0.004 -19"><span class='ocrx_word' id='word_1_234' title='bbox 228 2689 528 2741; x_wconf 86' lang='grc' dir='ltr'><em>περιτεταμένη.</em></span> <span class='ocrx_word' id='word_1_235' title='bbox 939 2690 1035 2734; x_wconf 69' lang='grc' dir='ltr'><em>ἀλλ’</em></span> <span class='ocrx_word' id='word_1_236' title='bbox 1079 2692 1192 2743; x_wconf 70' lang='grc' dir='ltr'><em>αἰγὸς</em></span> <span class='ocrx_word' id='word_1_237' title='bbox 1239 2692 1261 2742; x_wconf 78' lang='grc' dir='ltr'><em>ἢ</em></span> <span class='ocrx_word' id='word_1_238' title='bbox 1305 2693 1367 2740; x_wconf 84' lang='grc' dir='ltr'><em>ὑὸς</em></span> <span class='ocrx_word' id='word_1_239' title='bbox 1410 2693 1456 2747; x_wconf 89' lang='lat' dir='ltr'><em>(l.</em></span> <span class='ocrx_word' id='word_1_240' title='bbox 1494 2693 1591 2750; x_wconf 80' lang='grc' dir='ltr'><em>ὄϊος)</em></span> 
     </span>
    </p>

    <p class='ocr_par' dir='ltr' id='par_1_10' title="bbox 943 2770 1438 2826">
     <span class='ocr_line' id='line_1_31' title="bbox 943 2770 1438 2826; baseline 0.006 -14"><span class='ocrx_word' id='word_1_241' title='bbox 943 2770 1106 2826; x_wconf 85' lang='grc' dir='ltr'><em>δέρματι</em></span> <span class='ocrx_word' id='word_1_242' title='bbox 1138 2772 1438 2826; x_wconf 80' lang='grc' dir='ltr'><em>περιτεταμένη.</em></span> 
     </span>
    </p>
   </div>
  </div>
 </body>
</html>
