2057 3375
477 982 555 1027 DE
607 980 918 1026 UNIVERSA
971 978 1370 1026 SCHOLIORUM

802 1088 1042 1134 INDOLE.

303 1430 476 1472 Scholia
506 1430 549 1470 in
581 1429 826 1478 Platonem,
861 1442 972 1483 quae
1011 1428 1137 1470 hodie
1177 1427 1535 1470 circumferuntur
1554 1428 1608 1482 ¹),

244 1508 297 1550 ab
347 1507 595 1550 auctoribus
649 1507 738 1550 suis
792 1521 844 1549 ex
891 1507 1018 1550 variis
1072 1506 1263 1550 fontibus
1312 1507 1450 1562 petita
1496 1509 1608 1549 sunt.

243 1587 439 1641 Namque
488 1587 572 1628 alia
622 1586 832 1628 debentur
877 1586 1229 1641 philosophorum
1270 1585 1609 1637 commentariis,

243 1666 330 1709 alia
376 1680 428 1709 ex
474 1666 620 1709 lexicis
668 1665 1044 1722 grammaticorum
1091 1665 1308 1721 descripta
1352 1670 1476 1716 sunt,
1521 1664 1610 1708 alia

242 1745 415 1787 aliunde
463 1759 648 1787 corrasa.
712 1745 776 1786 De
823 1744 951 1786 tertio
1000 1743 1081 1787 hoc
1129 1758 1285 1798 genere
1335 1743 1605 1786 Scholiorum

244 1828 372 1879 atque
415 1824 466 1866 de
508 1823 645 1878 primo
689 1823 840 1879 paucis
887 1822 1130 1879 absolvam,
1173 1823 1227 1866 de
1261 1823 1473 1875 secundo,
1516 1823 1542 1866 i.
1575 1837 1610 1866 e.

288 2032 325 2075 1)
357 2033 498 2065 Primus
530 2033 671 2066 Scholia
702 2034 739 2065 in
770 2033 955 2066 Platonem
979 2034 1134 2076 vulgavit
1159 2033 1188 2066 J.
1212 2033 1250 2066 P.
1277 2033 1548 2067 Siebenkeesius
1574 2035 1610 2067 in

245 2096 375 2129 Auecd.
400 2096 458 2129 Gr.
488 2097 649 2130 Norimb.
674 2096 772 2130 1798.
821 2096 932 2130 Multo
956 2098 1096 2139 plenius
1121 2097 1260 2140 collegit
1285 2098 1324 2130 D.
1350 2098 1611 2139 Ruhnkenius‚

245 2159 346 2193 cuius
389 2161 494 2193 editio
538 2161 667 2203 prodiit
708 2160 743 2193 L.
782 2160 822 2194 B.
855 2159 965 2203 1800;
1002 2161 1241 2194 Ruhnkenius
1267 2161 1407 2194 Scholia
1432 2162 1612 2195 illustrare

245 2224 283 2255 in
318 2224 436 2256 animo
472 2224 598 2257 habuit
633 2228 668 2256 et
698 2234 810 2266 pauca
842 2225 1016 2266 quaedam
1048 2225 1252 2257 illustravit.
1304 2225 1386 2257 Vide
1410 2226 1492 2258 edit.
1518 2226 1610 2258 laud.

245 2298 299 2330 pg.
326 2287 399 2320 255.
425 2287 684 2330 Wyttenbaeh,
710 2287 791 2320 Vita
816 2287 855 2320 D.
881 2287 1091 2320 Ruhnkenii
1115 2288 1153 2320 in
1175 2288 1304 2330 Opusc.
1321 2299 1393 2321 var.
1410 2299 1482 2332 arg.
1499 2293 1580 2325 tom.
1596 2290 1611 2320 I

246 2361 301 2393 pg.
325 2350 399 2383 699.
445 2350 543 2384 Nova
567 2351 715 2393 protulit
739 2350 862 2384 Thom.
887 2350 1103 2384 Gaisfordius
1129 2352 1166 2384 in
1192 2351 1355 2395 Catalogo
1380 2353 1454 2384 sive
1477 2352 1613 2385 Notitia

246 2405 570 2456 Mahuseriptorum
601 2414 753 2457 Clarkii,
783 2414 894 2448 Oxon.
918 2414 1007 2448 1812
1031 2418 1066 2448 et
1089 2415 1127 2448 in
1152 2415 1259 2448 libro:
1285 2416 1469 2449 Lectiones
1493 2416 1613 2448 Plato-

246 2479 349 2510 nicae
378 2487 397 2509 e
420 2478 617 2510 membran.
642 2478 737 2510 Bodl.
763 2477 875 2511 Oxon.
898 2476 996 2511 1820.
1031 2478 1125 2511 Haec
1148 2479 1268 2511 omnia
1291 2479 1461 2522 leguntur
1484 2480 1613 2512 litteris

249 2542 289 2584 S,
312 2543 342 2574 R
363 2546 397 2574 et
420 2541 447 2575 O
474 2541 600 2584 (Oxou.
625 2552 671 2573 z
694 2542 816 2585 Gaisf.)
834 2543 1002 2575 distincta
1020 2542 1057 2575 in
1076 2542 1299 2576 Scholiorum
1317 2544 1487 2586 editione,
1507 2554 1615 2586 quam

248 2606 385 2638 curavit
421 2605 458 2638 C.
495 2606 531 2637 F.
572 2605 752 2637 Hermann
788 2607 824 2637 in
862 2606 1063 2648 Appendice
1098 2606 1300 2648 Platonica,
1341 2607 1478 2648 Lipsiae
1516 2606 1613 2640 1875.

249 2669 405 2711 Scholia,
442 2679 532 2711 quae
568 2669 767 2711 Bekkerus‚
806 2668 1017 2711 Creuzerus,
1051 2668 1305 2711 Schneiderus,
1341 2669 1614 2708 Stallbaumius,

249 2732 444 2765 Schanzius
476 2732 718 2776 protulerunt,
748 2735 809 2766 aut
833 2732 976 2766 aliunde
1000 2733 1072 2767 iam
1095 2736 1180 2766 nota
1203 2736 1307 2766 erant
1331 2736 1392 2767 aut
1417 2733 1515 2776 parvi
1538 2743 1615 2768 mo-

250 2799 362 2831 menti
386 2801 482 2830 sunt.

1464 2862 1481 2896 1
