2057 3375
1104 294 1161 337 96

506 435 649 478 Primo
680 435 790 478 haec
824 434 1057 477 retuleram
1090 434 1147 477 ad
1179 435 1319 478 lexica
1350 434 1571 478 rhetorica
1602 435 1819 478 Atticista-

445 530 564 566 rum,
616 515 691 558 sed
710 519 886 570 --postea
930 515 1190 557 sententiam
1234 514 1396 557 mutavi
1437 518 1481 558 et
1523 514 1668 557 malim
1705 528 1820 557 nunc

444 594 636 649 cogitare
670 592 723 636 de
757 592 1037 648 Diogeniano.
1070 592 1188 644 Quae
1210 593 1256 635 in
1277 591 1358 636 lezi.
1380 593 1541 636 rhetor.
1563 592 1698 636 Bekk.
1716 593 1816 642 222,

443 673 502 716 20
544 672 745 729 leguntur
783 672 1045 724 βάναυσοι·
1086 673 1219 725 κυρίως
1252 673 1286 717 οἱ
1321 672 1387 716 δια
1420 674 1537 727 πυρὸς
1569 672 1819 727 ἐργαζόμενοι

442 753 676 807 χρυσοχόοι,
708 757 883 806 χαλκεῖς
914 752 981 795 καὶ
1021 753 1054 795 οἱ
1092 756 1274 803 τοιοῦτοι,
1311 752 1394 796 οὶπὸ
1431 757 1498 796 τοῦ
1530 753 1618 800 τοὺς
1648 752 1818 804 βαύνους

443 834 602 876 ἐναύειν.
640 833 780 884 βαῦνοι
820 833 859 875 δὲ
897 834 1084 884 λέγονται
1122 834 1164 876 αἱ
1199 833 1365 885 κάμινοι.
1400 833 1466 875 καὶ
1493 833 1702 888 κλίβανοι,
1730 832 1818 875 ἔνθα

442 912 507 957 καὶ
557 912 588 956 οἱ
644 916 719 956 τῶν
766 912 893 966 κριθῶν
939 912 1092 964 βαῦνοι.
1144 912 1410 965 καταβέβηκε
1456 912 1495 956 δὲ
1541 913 1564 962 ἦ
1612 910 1716 963 λέξις
1765 911 1818 960 εἷς

443 993 581 1034 πάντα
621 992 888 1044 χειροτέχνην.
935 992 1019 1034 ἔνιοι
1056 991 1095 1032 δὲ
1127 991 1256 1043 χειρὸς
1290 997 1362 1039 τῆς
1395 991 1643 1044 ὑβριστικῆς,
1673 990 1819 1034 confe-

441 1076 595 1114 rantur
627 1085 725 1113 cum
757 1070 947 1127 Hesych.
980 1084 1040 1113 vv.
1072 1069 1279 1121 βαναυσία
1310 1073 1354 1113 et
1384 1070 1543 1121 βαῦνος.
1576 1069 1640 1114 cf.
1675 1068 1816 1113 Schol.

442 1150 549 1206 Rep.
581 1150 666 1194 VI:
695 1150 785 1193 495
813 1151 860 1193 E.

503 1228 644 1273 Schol.
689 1227 878 1285 Sophist.
923 1228 1010 1271 259
1043 1228 1082 1271 D
1125 1227 1385 1280 ἀμηγέπη·
1418 1228 1694 1279 ὁπωσδήποτε,
1729 1228 1816 1271 καθ’

441 1311 577 1352 ὁτιοῦν.
612 1310 780 1359 λέγεται
816 1309 856 1350 δὲ
888 1308 954 1350 καὶ
987 1308 1265 1363 ἁμωσγέπως,
1298 1309 1364 1350 καὶ
1397 1308 1539 1358 οὶμόθεν
1566 1308 1634 1363 (γε’
1662 1309 1814 1362 ποθεν),

441 1388 509 1432 καὶ
542 1388 798 1440 οὶμουγέπου,
832 1388 898 1430 καὶ
932 1388 1167 1439 οὶμοιγέποι,
1201 1386 1281 1446 [καὶ
1317 1387 1540 1443 Acadama}

502 1468 622 1512 Coni.
667 1466 808 1511 Schol.
850 1466 1036 1511 Phaedr.
1080 1466 1167 1510 228
1201 1465 1246 1510 C.
1278 1466 1606 1519 ἁμωσγέπως·
1641 1466 1815 1516 ὁπωσδή-

440 1563 562 1597 ποτε,
595 1547 633 1589 ἔν
666 1547 716 1596 γέ
746 1563 846 1595 τινι,
880 1546 967 1588 καθ’
1000 1546 1193 1589 ὁντιναοῦν
1224 1546 1375 1596 τρόπον.

501 1627 696 1681 Utraque
742 1625 799 1681 gl.
841 1626 958 1681 apud
1003 1625 1181 1668 Suidam
1224 1628 1268 1668 et
1297 1625 1344 1667 in
1386 1627 1507 1668 sexto
1554 1624 1636 1667 leX.
1679 1624 1831 1667 Bekk.·

441 1706 543 1757 387,
575 1706 656 1756 16,
688 1704 862 1756 389,28.
894 1704 946 1746 In
978 1703 1121 1759 priore
1153 1704 1286 1746 verba
1316 1703 1382 1745 καὶ
1406 1703 1598 1753 οὶμόσεποι
1626 1703 1812 1746 delenda

441 1788 563 1836 sunt3
594 1784 640 1826 in
672 1783 910 1839 posteriore
942 1782 1120 1826 restitue
1152 1797 1206 1825 ex
1239 1781 1374 1825 Suida
1404 1783 1460 1824 ἐνί
1488 1781 1538 1833 γε’
1571 1798 1643 1824 τινι
1670 1781 1812 1835 τρόπῳ.

441 1862 493 1906 cf.
522 1861 693 1908 Ruhnk.
721 1861 779 1905 ad
806 1861 973 1904 Timaei
1001 1862 1081 1904 lex.
1110 1876 1179 1917 pg.
1197 1862 1267 1912 26,
1286 1862 1361 1913 29,
1379 1860 1569 1904 Pierson.
1589 1861 1644 1903 ad
1662 1860 1813 1913 Moen,

440 1942 631 1999 Elmsley
674 1941 729 1985 ad
762 1941 893 1985 Arist.
925 1941 1111 1986 Acharn.
1145 1942 1231 1985 608
1246 1973 1258 1993 ,
1289 1940 1435 1985 Bremi
1466 1941 1523 1985 ad
1554 1940 1728 1997 Lysiam
1760 1941 1813 1985 de

439 2022 611 2066 invalid.
645 2023 714 2065 20.
762 2021 1024 2065 Schmidtius
1051 2022 1286 2065 secundam
1318 2021 1373 2077 gl.
1402 2020 1608 2077 (Phaedr.
1633 2021 1720 2064 228
1744 2020 1811 2078 C.)

440 2116 494 2145 ex
524 2102 793 2154 Diogeniano
825 2115 853 2144 a
886 2100 1131 2144 Scholiasta
1162 2102 1346 2156 petitam
1377 2105 1516 2155 putat.

501 2179 642 2225 Schol.
684 2179 852 2223 Politic.
895 2180 982 2223 298
1015 2180 1054 2223 D
1097 2179 1321 2231 κύρβεσι·
1364 2179 1539 2230 τρίγωνοι
1581 2179 1742 2226 πίνακες
1779 2179 1812 2222 οἱ

438 2259 619 2313 κύρβεις,
651 2260 690 2302 ἐν
724 2255 777 2308 οἷς
810 2259 841 2302 οἱ
875 2259 958 2313 περὶ
990 2263 1064 2302 τῶν
1096 2259 1199 2309 ἱερῶν
1232 2259 1335 2312 νόμοι
1367 2258 1690 2312 ἐγγεγραμμένοι
1713 2254 1812 2308 ἦσαν

438 2341 505 2382 καὶ
549 2340 762 2381 πολιτικοί·
807 2337 943 2388 ἄξονες
986 2338 1025 2380 δὲ
1068 2338 1304 2389 τετράγωνοι
1313 2370 1326 2395 ,
1372 2339 1410 2380 ἐν
1452 2334 1506 2385 οἷς
1546 2337 1579 2380 οἱ
1621 2337 1705 2391 περὶ
1737 2341 1812 2379 τῶν

438 2419 653 2462 ἰδιωτικῶν·
686 2415 784 2465 τινὲς
818 2417 856 2460 δὲ
888 2417 1089 2472 ἀδιάφορα
1119 2420 1255 2460 ταῦτα
1285 2417 1426 2472 φασίν.
1471 2398 1479 2406 ⁰

499 2497 703 2551 Exceptis
735 2495 879 2539 verbis
908 2496 1006 2542 τινὲς
1021 2520 1085 2529 -
1100 2496 1228 2549 φασίν
1250 2495 1431 2539 Photius
1453 2494 1630 2546 eadem3
1654 2493 1812 2537 similia

438 2576 741 2631 Diogenianus.
773 2573 827 2618 cf.
859 2573 961 2618 Lex.
994 2574 1101 2618 rhet.
1133 2572 1268 2618 Bekk.
1301 2574 1466 2626 274‚24
1499 2587 1595 2617 cum
1626 2572 1730 2616 Hes.

498 2656 601 2698 ibid.
627 2656 717 2697 310
734 2655 771 2696 E
798 2655 1035 2707 εὐήτριον·
1060 2655 1220 2705 ἱμάτιον
1247 2652 1410 2707 εὐΰφές.
1437 2653 1591 2706 ἥτριον
1607 2652 1646 2694 δὲ
1662 2651 1811 2703 ἔνδυμα

439 2735 642 2789 ὑμενῶδες.
1524 2741 1526 2745 ’
