2057 3375
1043 314 1094 354 18

378 453 566 507 glossam
597 452 740 506 legere
772 452 964 506 potuisse
998 451 1085 494 sive
1117 451 1161 493 in
1184 451 1350 495 Boetho
1376 453 1464 495 sive
1487 452 1614 504 alibi,
1637 454 1752 496 unde

377 531 543 575 noverit
584 544 747 574 morem
787 535 1012 586 argentum
1055 530 1101 573 in
1133 530 1334 586 ampullis
1368 531 1583 575 condendi
1616 535 1749 589 atque

376 623 592 665 pauperes
625 610 709 651 dici
741 608 1027 656 αὐτοληκύθους
1059 634 1119 640 -
1151 613 1217 652 est
1239 615 1383 652 autem
1408 610 1524 665 apud
1546 611 1747 654 Photium

375 689 520 743 glossa
541 689 761 737 λήκυθος·
788 689 966 731 εἰώθεσαν
988 689 1026 731 ἐν
1052 690 1227 738 ληκύθοις
1256 690 1507 741 νομισμάτων
1534 689 1641 744 ἔχειν
1663 691 1752 734 νέων

376 768 500 820 τινές,
543 766 622 810 ὅθεν
663 766 730 809 καὶ
774 766 863 813 τοὺς
909 766 1174 818 ἐκδημοῦντας
1207 769 1490 817 αὐτοληκύθους
1524 769 1661 820 ἔλεγον
1692 796 1752 802 ——

377 848 431 889 ad
465 847 573 889 haec
601 845 885 901 significanda
912 846 1169 901 Diogeniani
1191 847 1330 890 verbis
1352 862 1458 891 usus
1480 854 1559 891 est.
1591 848 1750 892 Verum

376 927 495 982 ipsas
540 925 708 982 glossas
751 924 975 977 excitab0‚
1022 939 1132 981 quas
1164 925 1209 969 in
1240 925 1456 983 Hesychio
1490 926 1616 971 hodie
1646 928 1751 985 legi-

377 1020 493 1050 mus:
526 1006 826 1059 Φασκώλιον·
865 1006 1084 1056 βαλάντιον
1116 1005 1356 1059 δερμάτινον.
1391 1006 1600 1056 Φοὶσκωλος
1635 1008 1674 1050 δὲ
1707 1009 1752 1051 τὸ

375 1086 510 1136 μέγα,
546 1087 598 1132 εἰς
630 1084 647 1127 ὃ
681 1086 735 1128 τα
768 1085 915 1133 ἱμάτια
947 1084 1221 1136 ἐμβάλλεται.

377 1165 716 1213 αὐτολήκυθοι·
752 1165 783 1206 οἱ
816 1164 991 1214 πένητες.

376 1245 595 1292 λήκυθος·
629 1244 673 1285 τὸ
705 1243 862 1294 μεταξὺ
895 1248 964 1285 τοῦ
996 1244 1207 1285 λαυκανίου
1238 1244 1305 1285 καὶ
1339 1244 1507 1296 αὐχένος
1540 1245 1702 1297 ἠχῶδες.

437 1324 501 1367 De
533 1323 600 1366 his
634 1323 833 1366 omnibus
868 1322 982 1378 apud
1023 1322 1225 1366 Photium
1257 1337 1311 1366 ne
1344 1323 1519 1367 verbum
1552 1323 1749 1380 quidem;

380 1416 481 1445 nam
512 1389 629 1458 duod
663 1401 781 1457 apud
813 1415 910 1444 eum
943 1402 1102 1457 legitur
1129 1416 1164 1444 v,
1186 1402 1414 1454 Φασκώλιον
1437 1403 1544 1445 nihil
1567 1403 1623 1445 ad
1646 1417 1749 1446 rem.

376 1483 444 1525 Ad
490 1483 699 1526 Herodoti
742 1483 883 1525 locum
927 1482 1032 1536 (1112
1082 1483 1181 1536 20),
1230 1483 1304 1525 ubi
1346 1483 1554 1526 articulus
1598 1483 1744 1535 abest,

378 1561 602 1605 adnotavit
641 1561 1041 1617 Schweighaeuser:
1074 1574 1153 1604 nec
1184 1560 1388 1605 ferendus
1421 1561 1501 1604 hoc
1533 1562 1627 1605 loco
1660 1562 1749 1605 ullo

377 1645 509 1697 pacto
540 1642 709 1683 videtur
742 1640 971 1690 articulus,
1005 1655 1134 1695 quem
1167 1641 1223 1683 ad
1250 1640 1511 1693 ἀλάβαστρον
1537 1642 1749 1684 adiectum

375 1721 526 1765 volunt
557 1720 857 1772 Grammatici,
892 1735 971 1763 nec
1008 1720 1189 1764 absente
1222 1720 1405 1764 articulo
1438 1721 1640 1777 cognosci
1673 1736 1749 1777 po-

376 1804 485 1853 test,
528 1804 673 1843 utrum
716 1799 761 1842 in
799 1813 930 1842 masc.
963 1813 1020 1842 an
1050 1799 1095 1842 in
1127 1798 1273 1843 femin.
1305 1813 1461 1856 genere
1493 1799 1748 1844 vocabulum

375 1880 481 1922 illud
516 1879 763 1922 Herodotus
796 1878 1027 1934 usurparit.
1091 1877 1232 1929 Quare
1266 1879 1463 1934 suspicor
1495 1878 1672 1922 Suidam
1704 1883 1749 1923 et

377 1959 603 2010 Photium,
645 1973 733 2001 non
771 1958 966 2013 inspecto
999 1958 1243 2008 Herodoto,
1277 1972 1506 2013 perperam
1539 1959 1752 2014 interpre-

376 2041 492 2081 tatos
538 2051 634 2080 esse
676 2036 912 2092 superioris
959 2036 1139 2080 alicuius
1172 2035 1456 2079 Grammatici
1488 2035 1751 2080 observatio-

377 2098 499 2167 nem,
542 2117 616 2171 qui
658 2120 888 2158 monuerat
931 2130 1017 2157 non
1049 2116 1309 2166 ιοἷλοὶβαοπον,
1344 2119 1392 2157 ut
1422 2115 1554 2158 Attici
1587 2116 1750 2168 solent,

377 2197 452 2240 sed
500 2196 761 2248 ἀλάβαστρον
810 2195 1033 2251 scripsisse
1080 2194 1296 2238 Nostrum.
1360 2195 1424 2238 De
1472 2194 1634 2252 duplici
1674 2195 1751 2239 illa

377 2274 575 2319 vocabuli
615 2274 754 2318 forma
794 2274 889 2317 vide
920 2273 1107 2317 Brunck.
1140 2273 1197 2317 ad
1227 2273 1357 2317 Arist.
1393 2273 1574 2317 Acharn.
1612 2276 1748 2328 1053,

382 2354 503 2396 cuius
550 2353 759 2395 monitum
793 2352 846 2395 de
878 2353 1119 2395 Atticorum
1151 2367 1233 2395 usu
1263 2351 1441 2395 firmant
1472 2367 1546 2404 ea,
1579 2368 1692 2408 quae
1724 2369 1751 2397 a

377 2433 503 2476 nobis
536 2432 592 2476 ad
625 2432 779 2475 Athen.
811 2431 874 2474 V:
909 2432 996 2474 206
1020 2446 1043 2474 c
1075 2435 1119 2474 et
1148 2431 1235 2475 VI:
1261 2432 1347 2475 268
1372 2432 1619 2488 aadposita
1635 2438 1748 2476 sunt.

374 2513 439 2556 Eo
483 2512 624 2555 minus
666 2516 811 2554 autem
856 2526 965 2567 opus
1008 2511 1151 2555 fuerat
1195 2512 1248 2555 de
1291 2512 1528 2555 masculino
1571 2526 1747 2567 genere,

377 2592 495 2646 quod
527 2592 629 2633 huic
661 2591 871 2633 vocabulo
905 2591 1154 2634 Herodotus
1177 2592 1397 2643 tribuerit,
1423 2606 1621 2642 monere,
1644 2606 1750 2647 quo-

376 2671 492 2714 niam
524 2669 631 2713 illud
663 2669 831 2712 Atticos
865 2669 995 2713 etiam
1030 2670 1262 2726 scriptores
1295 2669 1446 2712 eodem
1477 2683 1633 2726 genere
1663 2670 1750 2715 fre-

376 2751 610 2804 quentasse
633 2751 827 2799 constat,
857 2748 973 2790 velut
994 2748 1213 2803 Aristoph.
1236 2749 1263 2790 1.
1287 2762 1322 2790 c.
1344 2752 1389 2791 et
1411 2747 1611 2791 Cratinus
1632 2750 1751 2806 apud
