2057 3375
904 330 961 373 89

445 468 636 521 ἄνθρωπος
668 471 736 511 οὐκ
766 467 982 520 ἄνθρωπος,
1017 468 1206 519 ἄνθρωπος
1239 470 1274 510 δ’
1307 468 1429 520 ὅμως,

445 547 566 602 ὄρνιθα
597 549 690 592 κούκ
721 547 865 603 ὄρνιθα,
899 546 1021 601 ὄρνιθα
1052 546 1085 591 δ’
1118 546 1240 599 ὅμως,

444 628 508 669 ἐπὶ
541 627 660 677 ξύλου
693 644 738 669 τε
770 629 836 669 κού
868 627 986 676 ξύλου
1017 627 1234 677 καθημένην
1284 633 1286 635 ’

446 709 535 759 λίθῳ
566 708 705 758 βαλών
736 725 782 751 τε
812 711 877 751 κού
909 709 1000 761 λίθῳ
1030 708 1222 751 διώλεσεν.

244 787 445 839 νυκτερίδος
476 786 494 827 ὁ
526 788 708 839 εὐνοῦχος
741 786 918 839 νάρθηκος
949 787 1105 837 κισήρει.

305 866 516 909 Boethum
559 867 731 909 dehoc
762 867 1004 921 aenigmate
1037 868 1253 909 monuisse
1286 866 1456 909 docebit
1487 865 1610 908 Phot.
1652 907 1655 909 .

243 945 289 987 in
314 960 349 987 V.
372 945 638 996 νυκτερίδος
666 941 768 992 αἶνος
784 957 793 967 ·
825 944 1126 995 αἰνιγματωδῶς
1156 944 1266 993 δηλοῖ
1287 944 1364 1000 (sc.
1382 945 1399 987 ὁ
1420 943 1609 996 Πλάτων)

243 1025 328 1076 περὶ
362 1024 569 1076 νυκτερίδος
586 1057 594 1072 ,
629 1022 720 1075 ὅπερ
752 1024 922 1067 ἔκκειται
955 1027 993 1067 ἐν
1015 1029 1094 1072 τοῖς
1117 1025 1225 1073 μετὰ
1247 1028 1393 1066 ταῦτα.
1417 1023 1467 1066 cf.
1493 1023 1609 1066 Suid.

242 1102 287 1145 in
318 1117 356 1145 v.
390 1099 531 1150 αἶνος.

303 1181 442 1225 Schol.
481 1181 597 1225 Criti.
634 1183 718 1225 116
751 1182 784 1226 C
816 1187 1035 1237 φιτῦσαι
1068 1183 1131 1225 ἐπὶ
1164 1187 1232 1225 τοῦ
1265 1183 1440 1235 πατρός,
1476 1181 1539 1223 ἐπὶ
1572 1181 1611 1224 δὲ

243 1261 386 1312 μητρὸς
408 1267 607 1311 γεννῆσαι.
632 1262 699 1303 καὶ
724 1262 875 1314 φιτύων
898 1263 915 1303 ὂ
940 1266 1106 1312 γεννῶν,
1131 1262 1197 1304 καὶ
1222 1262 1266 1303 τὸ
1289 1262 1468 1311 γέννημα
1483 1265 1608 1313 φῖτυ,

241 1341 290 1387 ὡς
322 1339 492 1388 Εὔπολις
526 1340 765 1394 Αὐτολύκῳ·
800 1341 904 1393 άταρ
938 1340 1096 1392 ἤγαγες
1131 1341 1258 1383 καινὸν
1291 1340 1372 1396 (τὸ)
1404 1344 1504 1392 φῖτυ
1536 1342 1610 1381 τῶν

241 1419 358 1469 βοῶν.

304 1496 426 1543 Phot.
452 1501 680 1550 φιτῦσαι·
711 1497 774 1539 ἐπὶ
809 1501 875 1540 τοῦ
908 1497 1054 1550 πατρὸς
1088 1499 1233 1547 τίθησιν
1267 1499 1344 1553 (sc.
1374 1499 1393 1538 ὁ
1419 1496 1609 1547 Πλάτων)

241 1577 310 1619 κτὲ
366 1575 518 1618 Paullo
557 1575 729 1618 brevius
772 1575 911 1618 Schol.
950 1576 1166 1631 Aristoph.
1211 1575 1309 1618 Pac.
1348 1575 1475 1618 1164.
1527 1573 1609 1623 Τό,

241 1655 357 1711 quod
397 1655 527 1698 etiam
573 1655 688 1710 apud
731 1654 852 1698 Phot.
887 1654 1058 1707 deerat,
1090 1655 1273 1698 inseruit
1304 1654 1480 1698 Porson.
1547 1653 1609 1696 De

241 1734 323 1777 hoc
354 1734 481 1777 verbo
513 1733 699 1777 Cobetus
731 1733 937 1776 Mnemos.
964 1733 1028 1776 IX
1058 1748 1125 1789 pg.
1154 1734 1235 1777 82:
1262 1733 1389 1777 Iones
1410 1738 1454 1776 et
1475 1733 1607 1776 Attici

241 1816 405 1855 veteres
438 1812 639 1854 dicebant
670 1816 794 1866 φῖτυ,
829 1812 958 1864 φιτύω
973 1847 984 1861 ,
1017 1813 1179 1865 φίτυμα
1212 1813 1353 1868 prima
1378 1813 1508 1868 longa
1529 1826 1609 1867 pro

242 1890 401 1945 φυτεύω
428 1893 471 1932 et
502 1890 695 1943 φύτευμα
729 1890 868 1945 prima
899 1894 1119 1946 correpta,
1152 1896 1197 1934 et
1228 1890 1378 1934 sedulo
1411 1889 1611 1933 Graeculi

242 1969 436 2024 iugulato
469 1972 604 2011 metro
635 1973 757 2012 vetus
788 1969 940 2022 φιτύω,
973 1970 1148 2022 φιτύσας
1187 1974 1231 2012 et
1253 1971 1343 2012 sim.
1367 1970 1484 2025 apud
1505 1970 1611 2013 Tra-

243 2048 361 2104 gicos
401 2048 445 2090 in
485 2048 670 2103 φυτεύω,
716 2052 760 2092 et
800 2048 1006 2103 φυτεύσαις
1044 2047 1363 2105 corrumpunt.’'
1426 2048 1609 2092 Meinek.

243 2127 361 2171 Com.
392 2127 447 2171 Π.
479 2128 581 2171 442.

303 2206 442 2250 Schol.
484 2206 584 2250 Min.
630 2206 718 2250 315
754 2207 788 2251 C
836 2208 1245 2261 ἐγχυτριστρίας·
1283 2207 1358 2254 τὰς
1395 2207 1497 2259 χοάς
1529 2212 1609 2253 τοῖς

243 2286 560 2335 τετελευτηκόσιν
592 2285 876 2339 ἐπιφερούσας,
905 2288 953 2333 ὦς
983 2288 1046 2329 ἐπὶ
1075 2287 1198 2329 τοῦδε.
1226 2286 1365 2336 ἔλεγον
1394 2287 1432 2327 δὲ
1466 2286 1532 2327 καὶ
1566 2287 1609 2328 τὸ

243 2364 411 2415 βλάψαι
450 2365 770 2417 καταχυτρίσαι,
812 2366 861 2411 ὦς
902 2364 1202 2418 Ἀριστοφάνης.
1247 2365 1431 2415 λέγονται
1473 2364 1512 2406 δὲ
1541 2381 1595 2406 κα

244 2441 330 2486 ὅσαι
363 2443 451 2491 τοὺς
485 2444 641 2495 ἐναγεῖς
672 2443 933 2497 καθαίρουσιν,
966 2440 1071 2494 αἷμα
1105 2444 1335 2497 ἐπιχέουσαι
1367 2447 1434 2487 τοῦ
1462 2444 1606 2497 ἱερείου.

246 2523 304 2565 ἔτι
337 2523 376 2563 δὲ
409 2523 473 2563 καὶ
507 2523 550 2563 αἱ
582 2523 817 2575 θρηνήτριαι,
853 2523 919 2564 καὶ
952 2523 995 2570 δη
1027 2523 1094 2564 καὶ
1122 2524 1165 2564 αἱ
1190 2528 1310 2573 μαῖαι
1338 2524 1378 2564 αἱ
1401 2525 1608 2565 ε’κτιθεῖσαι

245 2602 284 2644 ἐν
315 2602 483 2654 χύτραις
514 2601 569 2643 τὰ
600 2600 746 2655 βρέφη.

306 2679 471 2723 Eadem
518 2693 571 2723 ex
617 2679 769 2722 Photio
817 2679 999 2722 servavit
1047 2677 1201 2723 Suidas
1214 2696 1225 2730 ;
1270 2679 1424 2723 eadem
1467 2679 1609 2725 Schol.

248 2759 467 2816 Aristoph.
499 2758 623 2816 Vesp.
658 2759 766 2812 289,
794 2760 867 2816 qui
893 2763 1037 2803 tamen
1065 2761 1113 2807 ὡς
1137 2758 1281 2814 ἑτέρωθι
1304 2759 1608 2816 Ἀριστοφάνης.
