<?xml version="1.0" encoding="UTF-8"?>
<!DOCTYPE html PUBLIC "-//W3C//DTD XHTML 1.0 Transitional//EN"
    "http://www.w3.org/TR/xhtml1/DTD/xhtml1-transitional.dtd">
<html xmlns="http://www.w3.org/1999/xhtml" xml:lang="en" lang="en">
 <head>
  <title>
</title>
<meta http-equiv="Content-Type" content="text/html;charset=utf-8" />
  <meta name='ocr-system' content='tesseract 3.04.00' />
  <meta name='ocr-capabilities' content='ocr_page ocr_carea ocr_par ocr_line ocrx_word'/>
</head>
<body>
  <div class='ocr_page' id='page_1' title='image "4738097_0046.png"; bbox 0 0 2057 3375; ppageno 0'>
   <div class='ocr_carea' id='block_1_1' title="bbox 904 306 960 347">
    <p class='ocr_par' dir='ltr' id='par_1_1' title="bbox 904 306 960 347">
     <span class='ocr_line' id='line_1_1' title="bbox 904 306 960 347; baseline 0 0"><span class='ocrx_word' id='word_1_1' title='bbox 904 306 960 347; x_wconf 83' lang='lat'>29</span> 
     </span>
    </p>
   </div>
   <div class='ocr_carea' id='block_1_2' title="bbox 306 445 1395 1059">
    <p class='ocr_par' dir='ltr' id='par_1_2' title="bbox 306 445 1395 1059">
     <span class='ocr_line' id='line_1_2' title="bbox 307 445 1308 499; baseline -0.001 -11"><span class='ocrx_word' id='word_1_2' title='bbox 307 447 523 499; x_wconf 66' lang='grc' dir='ltr'><strong><em>Καλλιρρόη</em></strong></span> <span class='ocrx_word' id='word_1_3' title='bbox 759 445 899 488; x_wconf 89' lang='lat' dir='ltr'>Schol.</span> <span class='ocrx_word' id='word_1_4' title='bbox 932 445 1107 487; x_wconf 89' lang='lat' dir='ltr'>Axioch.</span> <span class='ocrx_word' id='word_1_5' title='bbox 1141 445 1230 488; x_wconf 88' lang='lat'>364</span> <span class='ocrx_word' id='word_1_6' title='bbox 1259 445 1308 487; x_wconf 84' lang='lat' dir='ltr'>A.</span> 
     </span>
     <span class='ocr_line' id='line_1_3' title="bbox 307 523 1300 577; baseline -0.001 -9"><span class='ocrx_word' id='word_1_7' title='bbox 307 527 488 569; x_wconf 68' lang='grc' dir='ltr'><em>κνώδκλκ</em></span> <span class='ocrx_word' id='word_1_8' title='bbox 1017 558 1039 577; x_wconf 86' lang='grc'>,,</span> <span class='ocrx_word' id='word_1_9' title='bbox 1142 524 1228 567; x_wconf 84' lang='grc'>365</span> <span class='ocrx_word' id='word_1_10' title='bbox 1256 523 1300 567; x_wconf 88' lang='lat' dir='ltr'>C.</span> 
     </span>
     <span class='ocr_line' id='line_1_4' title="bbox 306 604 1262 658; baseline -0.001 -11"><span class='ocrx_word' id='word_1_11' title='bbox 306 605 449 658; x_wconf 63' lang='grc' dir='ltr'><em>λέμμσᾳ</em></span> <span class='ocrx_word' id='word_1_12' title='bbox 938 604 1095 646; x_wconf 90' lang='lat' dir='ltr'>Timae.</span> <span class='ocrx_word' id='word_1_13' title='bbox 1130 605 1186 646; x_wconf 86' lang='lat'>76</span> <span class='ocrx_word' id='word_1_14' title='bbox 1213 604 1262 646; x_wconf 92' lang='lat' dir='ltr'>A.</span> 
     </span>
     <span class='ocr_line' id='line_1_5' title="bbox 308 682 1245 735; baseline -0.002 -8"><span class='ocrx_word' id='word_1_15' title='bbox 308 684 575 735; x_wconf 73' lang='grc' dir='ltr'><em>Λυκαβηττός</em></span> <span class='ocrx_word' id='word_1_16' title='bbox 934 683 1051 727; x_wconf 85' lang='lat' dir='ltr'>Criti.</span> <span class='ocrx_word' id='word_1_17' title='bbox 1086 684 1171 726; x_wconf 82' lang='lat'>112</span> <span class='ocrx_word' id='word_1_18' title='bbox 1197 682 1245 726; x_wconf 90' lang='lat' dir='ltr'>A.</span> 
     </span>
     <span class='ocr_line' id='line_1_6' title="bbox 307 762 1395 819; baseline -0.002 -12"><span class='ocrx_word' id='word_1_19' title='bbox 307 765 447 815; x_wconf 74' lang='grc' dir='ltr'><em>μέλλει</em></span> <span class='ocrx_word' id='word_1_20' title='bbox 932 763 1036 819; x_wconf 83' lang='lat' dir='ltr'>Rep.</span> <span class='ocrx_word' id='word_1_21' title='bbox 1069 762 1198 806; x_wconf 86' lang='lat' dir='ltr'>VIII:</span> <span class='ocrx_word' id='word_1_22' title='bbox 1231 764 1318 806; x_wconf 82' lang='lat'>566</span> <span class='ocrx_word' id='word_1_23' title='bbox 1349 763 1395 806; x_wconf 86' lang='lat' dir='ltr'>E.</span> 
     </span>
     <span class='ocr_line' id='line_1_7' title="bbox 309 843 1345 889; baseline 0 -2"><span class='ocrx_word' id='word_1_24' title='bbox 309 848 455 888; x_wconf 76' lang='grc' dir='ltr'><em>πολλοῦ</em></span> <span class='ocrx_word' id='word_1_25' title='bbox 487 845 547 888; x_wconf 79' lang='grc' dir='ltr'>δεῖ</span> <span class='ocrx_word' id='word_1_26' title='bbox 935 843 1153 889; x_wconf 82' lang='lat' dir='ltr'>Charmid.</span> <span class='ocrx_word' id='word_1_27' title='bbox 1189 843 1273 888; x_wconf 88' lang='lat'>166</span> <span class='ocrx_word' id='word_1_28' title='bbox 1301 843 1345 887; x_wconf 84' lang='lat' dir='ltr'>C.</span> 
     </span>
     <span class='ocr_line' id='line_1_8' title="bbox 308 923 1385 979; baseline 0 -13"><span class='ocrx_word' id='word_1_29' title='bbox 308 924 513 977; x_wconf 72' lang='grc' dir='ltr'><strong><em>σκολύθρῑικ</em></strong></span> <span class='ocrx_word' id='word_1_30' title='bbox 935 923 1190 979; x_wconf 80' lang='lat' dir='ltr'>Euthydem.</span> <span class='ocrx_word' id='word_1_31' title='bbox 1224 923 1310 966; x_wconf 83' lang='lat'>278</span> <span class='ocrx_word' id='word_1_32' title='bbox 1337 924 1385 966; x_wconf 89' lang='grc' dir='ltr'>Β.</span> 
     </span>
     <span class='ocr_line' id='line_1_9' title="bbox 308 1002 1335 1059; baseline 0 -13"><span class='ocrx_word' id='word_1_33' title='bbox 308 1004 556 1057; x_wconf 60' lang='grc' dir='ltr'><strong><em>τραγήματα</em></strong></span> <span class='ocrx_word' id='word_1_34' title='bbox 935 1003 1040 1059; x_wconf 82' lang='lat' dir='ltr'>Rep.</span> <span class='ocrx_word' id='word_1_35' title='bbox 1072 1002 1142 1046; x_wconf 89' lang='lat' dir='ltr'>II:</span> <span class='ocrx_word' id='word_1_36' title='bbox 1177 1003 1264 1046; x_wconf 82' lang='lat'>372</span> <span class='ocrx_word' id='word_1_37' title='bbox 1292 1002 1335 1046; x_wconf 84' lang='lat' dir='ltr'>G.</span> 
     </span>
    </p>
   </div>
   <div class='ocr_carea' id='block_1_3' title="bbox 248 1161 1619 2802">
    <p class='ocr_par' dir='ltr' id='par_1_3' title="bbox 248 1161 1617 1773">
     <span class='ocr_line' id='line_1_10' title="bbox 308 1161 1616 1218; baseline -0.001 -12"><span class='ocrx_word' id='word_1_38' title='bbox 308 1162 402 1206; x_wconf 88' lang='lat' dir='ltr'>Hae</span> <span class='ocrx_word' id='word_1_39' title='bbox 448 1163 579 1218; x_wconf 90' lang='lat' dir='ltr'>igitur</span> <span class='ocrx_word' id='word_1_40' title='bbox 625 1162 792 1217; x_wconf 83' lang='lat' dir='ltr'>glossae</span> <span class='ocrx_word' id='word_1_41' title='bbox 841 1166 965 1214; x_wconf 87' lang='lat' dir='ltr'>sunt,</span> <span class='ocrx_word' id='word_1_42' title='bbox 1006 1162 1060 1205; x_wconf 88' lang='lat' dir='ltr'>de</span> <span class='ocrx_word' id='word_1_43' title='bbox 1104 1161 1283 1218; x_wconf 91' lang='lat' dir='ltr'>quibus,</span> <span class='ocrx_word' id='word_1_44' title='bbox 1326 1176 1413 1218; x_wconf 87' lang='lat' dir='ltr'>qua</span> <span class='ocrx_word' id='word_1_45' title='bbox 1457 1162 1525 1205; x_wconf 87' lang='lat' dir='ltr'>via</span> <span class='ocrx_word' id='word_1_46' title='bbox 1571 1162 1616 1205; x_wconf 91' lang='lat' dir='ltr'>in</span> 
     </span>
     <span class='ocr_line' id='line_1_11' title="bbox 250 1240 1617 1296; baseline 0 -13"><span class='ocrx_word' id='word_1_47' title='bbox 250 1240 422 1284; x_wconf 84' lang='lat' dir='ltr'>Scholia</span> <span class='ocrx_word' id='word_1_48' title='bbox 453 1241 747 1296; x_wconf 84' lang='lat' dir='ltr'>pervenerint,</span> <span class='ocrx_word' id='word_1_49' title='bbox 781 1242 932 1296; x_wconf 88' lang='lat' dir='ltr'>quaeri</span> <span class='ocrx_word' id='word_1_50' title='bbox 965 1244 1120 1296; x_wconf 90' lang='lat' dir='ltr'>potest.</span> <span class='ocrx_word' id='word_1_51' title='bbox 1157 1241 1253 1282; x_wconf 88' lang='lat' dir='ltr'>Dixi</span> <span class='ocrx_word' id='word_1_52' title='bbox 1282 1256 1415 1296; x_wconf 84' lang='lat' dir='ltr'>supra</span> <span class='ocrx_word' id='word_1_53' title='bbox 1442 1255 1509 1283; x_wconf 94' lang='lat' dir='ltr'>me</span> <span class='ocrx_word' id='word_1_54' title='bbox 1532 1255 1617 1284; x_wconf 89' lang='lat' dir='ltr'>non</span> 
     </span>
     <span class='ocr_line' id='line_1_12' title="bbox 249 1313 1617 1376; baseline 0.001 -12"><span class='ocrx_word' id='word_1_55' title='bbox 249 1321 447 1365; x_wconf 84' lang='lat' dir='ltr'>dirimere</span> <span class='ocrx_word' id='word_1_56' title='bbox 479 1336 605 1376; x_wconf 91' lang='lat' dir='ltr'>posse</span> <span class='ocrx_word' id='word_1_57' title='bbox 636 1325 735 1364; x_wconf 86' lang='lat' dir='ltr'>utra</span> <span class='ocrx_word' id='word_1_58' title='bbox 767 1313 982 1365; x_wconf 84' lang='lat' dir='ltr'>sententia</span> <span class='ocrx_word' id='word_1_59' title='bbox 1013 1321 1171 1364; x_wconf 89' lang='lat' dir='ltr'>rectior</span> <span class='ocrx_word' id='word_1_60' title='bbox 1202 1321 1278 1371; x_wconf 91' lang='lat' dir='ltr'>sit,</span> <span class='ocrx_word' id='word_1_61' title='bbox 1311 1320 1535 1365; x_wconf 90' lang='lat' dir='ltr'>Schmidtii</span> <span class='ocrx_word' id='word_1_62' title='bbox 1560 1336 1617 1365; x_wconf 89' lang='lat' dir='ltr'>an</span> 
     </span>
     <span class='ocr_line' id='line_1_13' title="bbox 249 1399 1615 1455; baseline 0.001 -13"><span class='ocrx_word' id='word_1_63' title='bbox 249 1399 419 1443; x_wconf 86' lang='lat' dir='ltr'>Naberi.</span> <span class='ocrx_word' id='word_1_64' title='bbox 461 1400 575 1442; x_wconf 90' lang='lat' dir='ltr'>Fieri</span> <span class='ocrx_word' id='word_1_65' title='bbox 606 1404 752 1443; x_wconf 88' lang='lat' dir='ltr'>tamen</span> <span class='ocrx_word' id='word_1_66' title='bbox 785 1414 871 1443; x_wconf 90' lang='lat' dir='ltr'>non</span> <span class='ocrx_word' id='word_1_67' title='bbox 902 1400 1066 1455; x_wconf 87' lang='lat' dir='ltr'>potuit,</span> <span class='ocrx_word' id='word_1_68' title='bbox 1101 1401 1203 1455; x_wconf 90' lang='lat' dir='ltr'>quin</span> <span class='ocrx_word' id='word_1_69' title='bbox 1234 1400 1401 1455; x_wconf 82' lang='lat' dir='ltr'>glossas</span> <span class='ocrx_word' id='word_1_70' title='bbox 1434 1401 1546 1444; x_wconf 86' lang='lat' dir='ltr'>inter</span> <span class='ocrx_word' id='word_1_71' title='bbox 1570 1415 1615 1444; x_wconf 88' lang='lat' dir='ltr'>se</span> 
     </span>
     <span class='ocr_line' id='line_1_14' title="bbox 249 1479 1616 1535; baseline 0.001 -14"><span class='ocrx_word' id='word_1_72' title='bbox 249 1480 518 1534; x_wconf 79' lang='lat' dir='ltr'>comparanti</span> <span class='ocrx_word' id='word_1_73' title='bbox 566 1480 724 1522; x_wconf 92' lang='lat' dir='ltr'>sensim</span> <span class='ocrx_word' id='word_1_74' title='bbox 770 1479 874 1521; x_wconf 86' lang='lat' dir='ltr'>mihi</span> <span class='ocrx_word' id='word_1_75' title='bbox 919 1479 1064 1533; x_wconf 91' lang='lat' dir='ltr'>opinio</span> <span class='ocrx_word' id='word_1_76' title='bbox 1098 1479 1449 1529; x_wconf 87' lang='lat' dir='ltr'>subnasceretur,</span> <span class='ocrx_word' id='word_1_77' title='bbox 1485 1494 1616 1535; x_wconf 87' lang='lat' dir='ltr'>quam</span> 
     </span>
     <span class='ocr_line' id='line_1_15' title="bbox 248 1557 1613 1614; baseline 0.001 -13"><span class='ocrx_word' id='word_1_78' title='bbox 248 1559 377 1601; x_wconf 87' lang='lat' dir='ltr'>liceat</span> <span class='ocrx_word' id='word_1_79' title='bbox 417 1557 622 1614; x_wconf 84' lang='lat' dir='ltr'>proferre.</span> <span class='ocrx_word' id='word_1_80' title='bbox 684 1557 789 1601; x_wconf 88' lang='lat' dir='ltr'>Mihi</span> <span class='ocrx_word' id='word_1_81' title='bbox 827 1558 1001 1614; x_wconf 91' lang='lat' dir='ltr'>quidem</span> <span class='ocrx_word' id='word_1_82' title='bbox 1032 1558 1076 1601; x_wconf 89' lang='lat' dir='ltr'>in</span> <span class='ocrx_word' id='word_1_83' title='bbox 1108 1559 1352 1602; x_wconf 88' lang='lat' dir='ltr'>universum</span> <span class='ocrx_word' id='word_1_84' title='bbox 1386 1558 1613 1602; x_wconf 78' lang='lat' dir='ltr'>Sohmidtii</span> 
     </span>
     <span class='ocr_line' id='line_1_16' title="bbox 250 1637 1098 1693; baseline 0 -13"><span class='ocrx_word' id='word_1_85' title='bbox 250 1638 463 1681; x_wconf 85' lang='lat' dir='ltr'>sententia</span> <span class='ocrx_word' id='word_1_86' title='bbox 494 1637 759 1693; x_wconf 87' lang='lat' dir='ltr'>probabilior</span> <span class='ocrx_word' id='word_1_87' title='bbox 791 1652 886 1681; x_wconf 90' lang='lat' dir='ltr'>esse</span> <span class='ocrx_word' id='word_1_88' title='bbox 919 1638 1098 1681; x_wconf 82' lang='lat' dir='ltr'>videtur.</span> 
     </span>
     <span class='ocr_line' id='line_1_17' title="bbox 254 1716 1613 1773; baseline 0.002 -14"><span class='ocrx_word' id='word_1_89' title='bbox 254 1716 298 1759; x_wconf 79' lang='grc' dir='ltr'>1Ο</span> <span class='ocrx_word' id='word_1_90' title='bbox 330 1717 430 1771; x_wconf 87' lang='lat' dir='ltr'>quia</span> <span class='ocrx_word' id='word_1_91' title='bbox 461 1717 630 1772; x_wconf 87' lang='lat' dir='ltr'>glossae</span> <span class='ocrx_word' id='word_1_92' title='bbox 663 1716 915 1772; x_wconf 87' lang='lat' dir='ltr'>plerumque</span> <span class='ocrx_word' id='word_1_93' title='bbox 947 1717 1052 1767; x_wconf 86' lang='lat' dir='ltr'>nihil</span> <span class='ocrx_word' id='word_1_94' title='bbox 1085 1716 1265 1770; x_wconf 85' lang='lat' dir='ltr'>habent,</span> <span class='ocrx_word' id='word_1_95' title='bbox 1304 1732 1389 1773; x_wconf 92' lang='lat' dir='ltr'>quo</span> <span class='ocrx_word' id='word_1_96' title='bbox 1422 1718 1613 1773; x_wconf 88' lang='lat' dir='ltr'>peculia-</span> 
     </span>
    </p>

    <p class='ocr_par' dir='ltr' id='par_1_4' title="bbox 338 1789 1074 1838">
     <span class='ocr_line' id='line_1_18' title="bbox 338 1789 1074 1838; baseline 0 -1"><span class='ocrx_word' id='word_1_97' title='bbox 338 1794 443 1837; x_wconf 87' lang='lat' dir='ltr'>riter</span> <span class='ocrx_word' id='word_1_98' title='bbox 474 1795 529 1837; x_wconf 90' lang='lat' dir='ltr'>ad</span> <span class='ocrx_word' id='word_1_99' title='bbox 563 1795 785 1838; x_wconf 81' lang='lat' dir='ltr'>Platonem</span> <span class='ocrx_word' id='word_1_100' title='bbox 817 1789 1074 1838; x_wconf 84' lang='lat' dir='ltr'>referantur.</span> 
     </span>
    </p>

    <p class='ocr_par' dir='ltr' id='par_1_5' title="bbox 250 1873 1617 2082">
     <span class='ocr_line' id='line_1_19' title="bbox 250 1873 1616 1932; baseline 0.002 -16"><span class='ocrx_word' id='word_1_101' title='bbox 250 1873 299 1916; x_wconf 84' lang='lat'>20</span> <span class='ocrx_word' id='word_1_102' title='bbox 334 1875 435 1928; x_wconf 89' lang='lat' dir='ltr'>quia</span> <span class='ocrx_word' id='word_1_103' title='bbox 457 1875 525 1916; x_wconf 89' lang='lat' dir='ltr'>vix</span> <span class='ocrx_word' id='word_1_104' title='bbox 547 1874 773 1917; x_wconf 89' lang='lat' dir='ltr'>verisimile</span> <span class='ocrx_word' id='word_1_105' title='bbox 806 1878 872 1917; x_wconf 89' lang='lat' dir='ltr'>est</span> <span class='ocrx_word' id='word_1_106' title='bbox 903 1874 1115 1916; x_wconf 87' lang='lat' dir='ltr'>Boethum</span> <span class='ocrx_word' id='word_1_107' title='bbox 1137 1888 1308 1917; x_wconf 86' lang='lat' dir='ltr'>errores</span> <span class='ocrx_word' id='word_1_108' title='bbox 1333 1877 1616 1932; x_wconf 87' lang='lat' dir='ltr'>commisisse,</span> 
     </span>
     <span class='ocr_line' id='line_1_20' title="bbox 342 1952 1617 2012; baseline 0.002 -17"><span class='ocrx_word' id='word_1_109' title='bbox 342 1952 482 2008; x_wconf 86' lang='lat' dir='ltr'>qualis</span> <span class='ocrx_word' id='word_1_110' title='bbox 524 1956 590 1995; x_wconf 90' lang='lat' dir='ltr'>est</span> <span class='ocrx_word' id='word_1_111' title='bbox 633 1952 751 2008; x_wconf 86' lang='lat' dir='ltr'>apud</span> <span class='ocrx_word' id='word_1_112' title='bbox 794 1952 1016 2005; x_wconf 86' lang='lat' dir='ltr'>Phot-ium‚</span> <span class='ocrx_word' id='word_1_113' title='bbox 1069 1952 1356 1997; x_wconf 87' lang='lat' dir='ltr'>Scholiastam</span> <span class='ocrx_word' id='word_1_114' title='bbox 1397 1959 1441 1998; x_wconf 91' lang='lat' dir='ltr'>et</span> <span class='ocrx_word' id='word_1_115' title='bbox 1480 1954 1617 2012; x_wconf 87' lang='lat' dir='ltr'>Hesy-</span> 
     </span>
     <span class='ocr_line' id='line_1_21' title="bbox 341 2032 821 2082; baseline 0.002 -8"><span class='ocrx_word' id='word_1_116' title='bbox 341 2032 481 2074; x_wconf 90' lang='lat' dir='ltr'>chium</span> <span class='ocrx_word' id='word_1_117' title='bbox 514 2032 560 2073; x_wconf 92' lang='lat' dir='ltr'>in</span> <span class='ocrx_word' id='word_1_118' title='bbox 593 2046 627 2075; x_wconf 80' lang='lat' dir='ltr'>v,</span> <span class='ocrx_word' id='word_1_119' title='bbox 660 2037 821 2082; x_wconf 71' lang='grc' dir='ltr'><strong><em>λῆμμα.</em></strong></span> 
     </span>
    </p>

    <p class='ocr_par' dir='ltr' id='par_1_6' title="bbox 251 2111 1619 2628">
     <span class='ocr_line' id='line_1_22' title="bbox 251 2111 1618 2168; baseline 0.001 -13"><span class='ocrx_word' id='word_1_120' title='bbox 251 2111 299 2155; x_wconf 87' lang='lat'>30</span> <span class='ocrx_word' id='word_1_121' title='bbox 335 2112 438 2167; x_wconf 86' lang='lat' dir='ltr'>quia</span> <span class='ocrx_word' id='word_1_122' title='bbox 468 2112 637 2168; x_wconf 83' lang='lat' dir='ltr'>glossae</span> <span class='ocrx_word' id='word_1_123' title='bbox 668 2112 949 2165; x_wconf 69' lang='grc' dir='ltr'><em>σφκκελισμός</em></span> <span class='ocrx_word' id='word_1_124' title='bbox 984 2116 1029 2155; x_wconf 92' lang='lat' dir='ltr'>et</span> <span class='ocrx_word' id='word_1_125' title='bbox 1060 2112 1246 2163; x_wconf 65' lang='grc' dir='ltr'>τέναγος,</span> <span class='ocrx_word' id='word_1_126' title='bbox 1280 2126 1390 2168; x_wconf 87' lang='lat' dir='ltr'>quas</span> <span class='ocrx_word' id='word_1_127' title='bbox 1424 2113 1547 2157; x_wconf 92' lang='lat' dir='ltr'>Phot.</span> <span class='ocrx_word' id='word_1_128' title='bbox 1574 2118 1618 2157; x_wconf 92' lang='lat' dir='ltr'>et</span> 
     </span>
     <span class='ocr_line' id='line_1_23' title="bbox 343 2190 1619 2245; baseline 0.002 -12"><span class='ocrx_word' id='word_1_129' title='bbox 343 2190 482 2233; x_wconf 89' lang='lat' dir='ltr'>Schol.</span> <span class='ocrx_word' id='word_1_130' title='bbox 524 2190 710 2243; x_wconf 91' lang='lat' dir='ltr'>habent,</span> <span class='ocrx_word' id='word_1_131' title='bbox 743 2191 892 2245; x_wconf 90' lang='lat' dir='ltr'>procul</span> <span class='ocrx_word' id='word_1_132' title='bbox 925 2191 1055 2234; x_wconf 89' lang='lat' dir='ltr'>dubio</span> <span class='ocrx_word' id='word_1_133' title='bbox 1088 2206 1174 2234; x_wconf 92' lang='lat' dir='ltr'>non</span> <span class='ocrx_word' id='word_1_134' title='bbox 1206 2206 1259 2234; x_wconf 88' lang='lat' dir='ltr'>ex</span> <span class='ocrx_word' id='word_1_135' title='bbox 1290 2192 1455 2235; x_wconf 93' lang='lat' dir='ltr'>Boetho</span> <span class='ocrx_word' id='word_1_136' title='bbox 1485 2192 1619 2236; x_wconf 88' lang='lat' dir='ltr'>fluxe-</span> 
     </span>
     <span class='ocr_line' id='line_1_24' title="bbox 340 2270 1619 2326; baseline 0.002 -15"><span class='ocrx_word' id='word_1_137' title='bbox 340 2275 465 2321; x_wconf 85' lang='lat' dir='ltr'>runt,</span> <span class='ocrx_word' id='word_1_138' title='bbox 509 2270 585 2312; x_wconf 91' lang='lat' dir='ltr'>sed</span> <span class='ocrx_word' id='word_1_139' title='bbox 632 2284 685 2312; x_wconf 87' lang='lat' dir='ltr'>ex</span> <span class='ocrx_word' id='word_1_140' title='bbox 731 2270 826 2324; x_wconf 91' lang='lat' dir='ltr'>ipso</span> <span class='ocrx_word' id='word_1_141' title='bbox 870 2271 1147 2325; x_wconf 89' lang='lat' dir='ltr'>Diogeniano.</span> <span class='ocrx_word' id='word_1_142' title='bbox 1220 2270 1446 2314; x_wconf 89' lang='lat' dir='ltr'>Consensu</span> <span class='ocrx_word' id='word_1_143' title='bbox 1487 2273 1619 2326; x_wconf 87' lang='lat' dir='ltr'>igitur</span> 
     </span>
     <span class='ocr_line' id='line_1_25' title="bbox 341 2348 1617 2407; baseline 0.002 -15"><span class='ocrx_word' id='word_1_144' title='bbox 341 2349 482 2392; x_wconf 81' lang='lat' dir='ltr'>Photii</span> <span class='ocrx_word' id='word_1_145' title='bbox 535 2352 579 2392; x_wconf 91' lang='lat' dir='ltr'>et</span> <span class='ocrx_word' id='word_1_146' title='bbox 631 2348 899 2392; x_wconf 84' lang='lat' dir='ltr'>Scholiastae</span> <span class='ocrx_word' id='word_1_147' title='bbox 951 2363 1038 2393; x_wconf 93' lang='lat' dir='ltr'>non</span> <span class='ocrx_word' id='word_1_148' title='bbox 1089 2348 1313 2393; x_wconf 83' lang='lat' dir='ltr'>conficitur</span> <span class='ocrx_word' id='word_1_149' title='bbox 1358 2350 1545 2407; x_wconf 87' lang='lat' dir='ltr'>glossam</span> <span class='ocrx_word' id='word_1_150' title='bbox 1595 2366 1617 2394; x_wconf 93' lang='lat' dir='ltr'>e</span> 
     </span>
     <span class='ocr_line' id='line_1_26' title="bbox 343 2428 1618 2484; baseline 0.003 -16"><span class='ocrx_word' id='word_1_151' title='bbox 343 2428 509 2469; x_wconf 89' lang='lat' dir='ltr'>Boetho</span> <span class='ocrx_word' id='word_1_152' title='bbox 557 2429 829 2481; x_wconf 86' lang='lat' dir='ltr'>provenisse3</span> <span class='ocrx_word' id='word_1_153' title='bbox 882 2430 1029 2483; x_wconf 87' lang='lat' dir='ltr'>itaque</span> <span class='ocrx_word' id='word_1_154' title='bbox 1076 2430 1212 2471; x_wconf 88' lang='lat' dir='ltr'>multo</span> <span class='ocrx_word' id='word_1_155' title='bbox 1261 2431 1396 2484; x_wconf 87' lang='lat' dir='ltr'>magis</span> <span class='ocrx_word' id='word_1_156' title='bbox 1442 2431 1618 2472; x_wconf 89' lang='lat' dir='ltr'>Photius</span> 
     </span>
     <span class='ocr_line' id='line_1_27' title="bbox 341 2506 1618 2564; baseline 0.004 -16"><span class='ocrx_word' id='word_1_157' title='bbox 341 2506 433 2562; x_wconf 90' lang='lat' dir='ltr'>ipse</span> <span class='ocrx_word' id='word_1_158' title='bbox 479 2506 787 2563; x_wconf 88' lang='lat' dir='ltr'>Diogenianum</span> <span class='ocrx_word' id='word_1_159' title='bbox 823 2506 889 2550; x_wconf 83' lang='lat' dir='ltr'>vel</span> <span class='ocrx_word' id='word_1_160' title='bbox 923 2510 1127 2564; x_wconf 87' lang='lat' dir='ltr'>excerpta</span> <span class='ocrx_word' id='word_1_161' title='bbox 1159 2521 1213 2551; x_wconf 88' lang='lat' dir='ltr'>ex</span> <span class='ocrx_word' id='word_1_162' title='bbox 1246 2507 1508 2564; x_wconf 89' lang='lat' dir='ltr'>Diogeniano</span> <span class='ocrx_word' id='word_1_163' title='bbox 1541 2509 1618 2553; x_wconf 88' lang='lat' dir='ltr'>ad-</span> 
     </span>
     <span class='ocr_line' id='line_1_28' title="bbox 341 2585 745 2628; baseline 0.002 -1"><span class='ocrx_word' id='word_1_164' title='bbox 341 2585 534 2628; x_wconf 88' lang='lat' dir='ltr'>hibuisse</span> <span class='ocrx_word' id='word_1_165' title='bbox 566 2586 745 2628; x_wconf 87' lang='lat' dir='ltr'>videtur.</span> 
     </span>
    </p>

    <p class='ocr_par' dir='ltr' id='par_1_7' title="bbox 253 2665 1619 2802">
     <span class='ocr_line' id='line_1_29' title="bbox 312 2665 1619 2723; baseline 0.002 -15"><span class='ocrx_word' id='word_1_166' title='bbox 312 2665 432 2708; x_wconf 89' lang='lat' dir='ltr'>Haec</span> <span class='ocrx_word' id='word_1_167' title='bbox 465 2670 720 2720; x_wconf 87' lang='lat' dir='ltr'>argumenta</span> <span class='ocrx_word' id='word_1_168' title='bbox 751 2666 795 2708; x_wconf 92' lang='lat' dir='ltr'>in</span> <span class='ocrx_word' id='word_1_169' title='bbox 829 2680 875 2709; x_wconf 87' lang='lat' dir='ltr'>re</span> <span class='ocrx_word' id='word_1_170' title='bbox 908 2666 1041 2709; x_wconf 92' lang='lat' dir='ltr'>dubia</span> <span class='ocrx_word' id='word_1_171' title='bbox 1073 2665 1301 2709; x_wconf 82' lang='lat' dir='ltr'>sufficiant.</span> <span class='ocrx_word' id='word_1_172' title='bbox 1334 2666 1470 2710; x_wconf 89' lang='lat' dir='ltr'>Multo</span> <span class='ocrx_word' id='word_1_173' title='bbox 1493 2682 1619 2723; x_wconf 86' lang='lat' dir='ltr'>prae-</span> 
     </span>
     <span class='ocr_line' id='line_1_30' title="bbox 253 2745 1619 2802; baseline 0.001 -13"><span class='ocrx_word' id='word_1_174' title='bbox 253 2750 341 2789; x_wconf 88' lang='lat' dir='ltr'>stat</span> <span class='ocrx_word' id='word_1_175' title='bbox 384 2745 558 2788; x_wconf 86' lang='lat' dir='ltr'>Scholia</span> <span class='ocrx_word' id='word_1_176' title='bbox 598 2758 849 2800; x_wconf 88' lang='lat' dir='ltr'>percurrere</span> <span class='ocrx_word' id='word_1_177' title='bbox 892 2749 1024 2800; x_wconf 87' lang='lat' dir='ltr'>atq-ue</span> <span class='ocrx_word' id='word_1_178' title='bbox 1067 2759 1120 2788; x_wconf 90' lang='lat' dir='ltr'>ea</span> <span class='ocrx_word' id='word_1_179' title='bbox 1162 2746 1395 2799; x_wconf 82' lang='lat' dir='ltr'>adnotare,</span> <span class='ocrx_word' id='word_1_180' title='bbox 1440 2760 1552 2802; x_wconf 89' lang='lat' dir='ltr'>quae</span> <span class='ocrx_word' id='word_1_181' title='bbox 1596 2762 1619 2791; x_wconf 92' lang='lat' dir='ltr'>e</span> 
     </span>
    </p>
   </div>
  </div>
 </body>
</html>
