2057 3375
887 314 942 357 87

229 456 453 507 Πραμνείας
485 454 688 504 ἀμπέλου,
724 455 745 503 ἢ
778 455 796 497 ὅ
828 454 1003 506 πραΰνων
1035 454 1080 496 τὸ
1108 453 1234 503 μένος.
1258 453 1356 500 τινὲς
1377 453 1440 502 δὲ,
1463 452 1595 500 ἐπειδὴ

228 537 269 576 ἐν
299 533 464 585 Πρώμνη
495 537 641 583 πρῶτον
674 533 867 585 ἐφυτεύθη
901 532 1083 583 ἄμπελος
1116 539 1164 585 τῇ
1198 534 1235 573 ἐν
1269 531 1413 583 Ἰκάρῳ.

289 613 508 667 Excerpta
539 626 633 655 esse
664 626 688 655 e
720 612 866 666 glossa
888 611 1042 655 Boethi
1073 614 1187 654 recte
1210 610 1363 654 statuit
1385 610 1592 653 Naberus.

228 691 280 735 of.
313 691 476 747 Proleg.
512 692 566 735 ad
600 691 723 734 Phot.
755 706 823 747 pg.
862 690 925 734 15.
965 690 1143 734 Photius
1173 691 1218 732 in
1250 705 1286 733 v.
1320 689 1594 742 Πραμνειος

226 768 370 816 οἶνος·
398 771 655 823 Ἀρίσταρχος
684 771 877 820 ἐπιμελῶς
903 770 971 811 τὸν
989 770 1078 819 ἡδὺν
1094 767 1184 812 οἶνον
1202 769 1416 820 Πράμνειον
1432 769 1593 818 ἔλεγεν·

226 849 324 896 τινὲς
356 848 421 890 τὸν
452 849 552 891 ὤνιον
585 846 678 890 οἶνον
710 849 731 897 ἢ
763 849 1023 900 παραμόνιον·
1056 850 1153 895 τινὲς
1183 848 1263 890 οέπὸ
1286 848 1470 897 ἀμπέλου
1488 854 1595 899 Πρα-

226 929 365 980 μνείας
387 928 688 983 ὀνομαζομένης·
712 929 744 971 οἱ
772 929 813 971 δε
840 929 939 975 ἰδίως
962 929 1027 971 τὸν
1053 929 1239 979 μέλανα·
1270 929 1352 972 ἔνιοι
1380 927 1444 970 τὸν
1471 926 1594 980 πραΰ-

227 1024 340 1052 νοντα
370 1008 414 1051 τὸ
448 1009 583 1058 μένος”
624 1013 757 1059 Σῆμος
791 1009 808 1051 ὁ
843 1009 986 1058 Δήλιος
1021 1009 1059 1051 ἐν
1092 1009 1207 1062 τρίτῳ
1240 1008 1331 1061 ἔφη
1366 1008 1443 1050 καὶ
1476 1007 1595 1059 Προέ-

226 1104 336 1139 μνον
380 1088 526 1137 πέτραν
559 1085 655 1129 εἶναι
688 1089 765 1140 ἀφ’
798 1086 838 1136 ἧς
873 1087 936 1129 τὸν
968 1085 1062 1130 οἶνον
1096 1085 1206 1129 εἶναι.
1256 1087 1339 1129 ΡιὊ
1371 1087 1471 1130 ὤνιον
1513 1085 1592 1128 Na-

227 1166 354 1208 berus
387 1167 550 1208 mavult
581 1168 718 1214 μόνιον.
755 1167 872 1208 Idem
905 1180 958 1208 ex
987 1171 1191 1221 corrupta
1215 1167 1384 1209 Codicis
1406 1167 1590 1208 lectione

226 1247 264 1289 ἐν
305 1247 418 1300 τρίτῳ
456 1249 499 1290 ἑν
533 1245 556 1300 ᾗ
585 1248 663 1290 καὶ
696 1248 713 1291 0‘
746 1246 981 1298 πραγμων
1015 1246 1160 1300 πέτραν
1195 1246 1342 1297 dedit,
1379 1246 1494 1302 quod
1526 1250 1592 1290 est

224 1326 270 1368 in
311 1329 452 1378 textu3
496 1330 689 1381 praestat
730 1326 916 1369 fortasse
959 1340 1037 1381 pro
1080 1327 1117 1367 ἐν
1162 1324 1186 1380 ᾗ
1229 1326 1295 1368 καὶ
1328 1326 1345 1367 0‘
1377 1326 1518 1381 legere
1551 1326 1589 1366 ἐν

227 1406 389 1458 Ἰκάρῳ,
424 1407 492 1448 oui
524 1406 669 1448 favent
702 1405 818 1448 Suid.
851 1411 894 1448 et
928 1405 1068 1448 Schol.

290 1483 428 1528 Schol.
464 1484 568 1540 Rep.
599 1485 649 1528 I:
684 1485 769 1527 329
798 1484 834 1526 B
869 1485 1117 1534 ὑμνοῦσιν·
1151 1485 1238 1527 ἀντὶ
1273 1489 1340 1528 τοῦ
1372 1485 1588 1536 ὀδύρονται,

225 1564 452 1613 λοιδοροῦσι,
485 1564 739 1616 μέμφονται,
775 1566 866 1605 κατ”
898 1565 1164 1616 εὐφημισμόν.

285 1642 405 1685 Idem
453 1642 656 1685 docemur
699 1642 837 1686 Schol.
879 1643 1008 1698 Legg.
1051 1642 1137 1686 IX:
1188 1643 1271 1686 871
1309 1644 1367 1695 A;
1412 1643 1589 1687 Photius

225 1723 442 1774 convenit,
475 1723 549 1765 ubi
581 1722 650 1765 hio
683 1723 802 1765 loeus
836 1737 859 1765 e
892 1722 995 1778 Rep.
1028 1723 1242 1766 laudatur.

283 1800 386 1844 ibid.
418 1801 509 1844 III:
542 1802 630 1844 405
662 1801 694 1843 C
726 1801 1061 1855 λυγιζόμενος’
1095 1802 1381 1855 στρεφόμενος,
1403 1803 1588 1851 καμπτό-

222 1896 357 1931 μενος,
399 1881 480 1922 dm}
521 1884 595 1922 τῶν
637 1882 794 1931 λύγων·
839 1881 957 1931 λύγος
999 1882 1038 1923 δέ
1080 1883 1163 1923 ἐστι
1200 1882 1325 1930 Φυτὸν
1357 1882 1585 1930 ἱμαντῶδες.

221 1960 319 2006 τινὲς
362 1960 400 2001 δὲ
442 1961 506 2001 καὶ
549 1960 593 2002 τὸ
629 1961 736 2008 μετα
768 1961 954 2011 τιμωρίας
992 1960 1220 2013 βασανίζειν
1252 1959 1424 2013 λυγίζειν
1455 1962 1585 2014 φασί·

222 2039 287 2082 καὶ
321 2040 363 2082 αἱ
394 2040 593 2091 μάστιγες
625 2036 687 2087 αἷς
719 2040 751 2082 οἱ
782 2039 952 2088 ἀθληταὶ
982 2039 1199 2083 τύπτονται
1222 2041 1334 2091 λύγοι
1357 2045 1583 2083 καλοῦνται.

282 2119 407 2175 Apud
440 2119 637 2162 Photium
669 2119 712 2161 in
744 2120 893 2163 eadem
925 2119 1073 2175 glossa
1105 2121 1339 2163 laudantur
1367 2120 1435 2163 hio
1464 2120 1585 2163 locus

220 2200 411 2243 Platonis
445 2206 488 2242 et
519 2200 640 2243 Hom.
684 2200 732 2243 Il.
763 2200 824 2252 K,
861 2201 959 2243 105.

281 2279 382 2321 ibid.
424 2278 514 2321 III:
547 2280 634 2321 411
673 2279 711 2321 A
751 2279 1025 2332 μινυρίζων·
1071 2281 1225 2331 θρηνῶν,
1259 2280 1280 2329 ἢ
1314 2281 1438 2331 ἠρέμα
1470 2279 1583 2333 ᾄδων.

280 2357 401 2401 Phot.
443 2359 487 2400 in
531 2372 570 2402 v,
614 2357 790 2411 μινυρίζω
833 2358 1014 2401 eandem
1059 2359 1247 2414 glossam
1293 2373 1389 2401 oum
1432 2358 1582 2401 eodem

220 2436 313 2478 loco
346 2435 540 2478 Platonis
575 2436 759 2478 exhibet.

277 2515 377 2556 ibid.
420 2514 506 2556 IV:
548 2515 637 2556 423
680 2514 712 2556 C
749 2520 961 2567 φαῦλον·
1001 2515 1046 2557 τὸ
1080 2516 1202 2569 ῥᾴδιον
1233 2517 1281 2562 ὥς
1316 2520 1392 2557 νῦν.
1428 2514 1582 2566 εὕρηται

217 2595 256 2636 δὲ
298 2601 484 2647 σημαῖνον
530 2595 594 2637 καὶ
637 2595 681 2636 τὸ
720 2595 873 2638 οὶπλοῦν
918 2594 983 2637 καὶ
1027 2595 1220 2649 μοχθηρὸν
1252 2596 1318 2638 καὶ
1350 2596 1474 2649 τυχὸν
1516 2596 1582 2638 καὶ

217 2676 346 2725 μέγα.

280 2753 432 2796 Boethi
465 2753 806 2804 adnotationem,
829 2753 942 2794 unde
964 2752 1071 2795 haec
1094 2756 1298 2807 excerpta
1326 2758 1445 2804 sunt,
1473 2753 1585 2796 Pho-
