2057 3375
882 346 964 387 107

300 479 401 523 ibid.
439 478 548 523 VII:
581 479 670 523 800
700 480 735 524 C
777 480 950 524 ὄτταν·
991 484 1160 533 Φήμην,
1193 485 1387 532 μαντείαν
1418 484 1481 526 διὰ
1512 494 1602 537 κλη-

239 556 363 609 δόνος,
395 558 462 600 καὶ
496 558 720 602 ὀττεύεσθαι
752 560 796 602 τὸ
827 560 1107 610 μαντεύεσθαι.

302 636 423 681 Phot.
454 637 569 681 idem
600 653 635 681 v.
669 637 803 681 ἅττα.

299 715 401 759 ibid.
440 716 528 760 819
562 717 610 759 D.
656 718 827 765 z‘aenvffiv?
868 719 1064 771 χοιρείων,
1100 720 1122 768 ἢ
1154 724 1297 761 σκαιῶν
1328 721 1393 761 καὶ
1428 720 1603 770 ἀμαθῶν.

300 795 451 838 Altera
491 797 722 852 explicatio
767 787 937 852 plenius
980 798 1138 853 legitur
1181 798 1298 854 apud
1330 798 1529 842 Photium
1562 803 1607 842 et

240 874 286 918 in
327 874 406 920 lex,
436 875 623 921 Bachm:
667 877 833 924 ὑηνῶν·
876 881 1018 921 σκαιῶν
1048 878 1115 921 καὶ
1148 879 1335 929 ἀμαθῶν·
1369 877 1436 922 καὶ
1470 878 1604 929 ὑηνία·

241 955 424 1003 σκαιότης
471 957 535 998 καὶ
586 957 742 1007 οέμαθία
756 971 767 982 ·
818 957 935 1004 οὕτως
982 959 1180 1006 Καλλίας.
1249 958 1447 1001 Naberus
1494 958 1607 1001 hanc

242 1033 431 1089 glossam
454 1033 721 1079 Platonicam
744 1048 841 1079 esse
867 1036 1112 1090 contendit,
1140 1036 1331 1081 Cohnius
1358 1034 1463 1087 λέξιν
1484 1052 1606 1088 κωμι-

242 1115 332 1164 κήν,
367 1119 483 1157 recte
516 1115 749 1158 observans
781 1116 837 1158 ad
867 1116 990 1159 illum
1021 1116 1164 1159 locum
1196 1116 1390 1160 Platonis
1416 1116 1606 1171 explica-

244 1193 405 1236 tionem
436 1194 606 1246 χοιρείων
639 1194 774 1237 solam
806 1193 916 1238 bene
948 1208 995 1238 se
1026 1194 1199 1238 habere.
1258 1194 1444 1247 Callias,
1477 1207 1605 1250 quem

241 1270 440 1314 Naberus
485 1271 669 1328 (Proleg.
711 1287 781 1328 pg.
814 1274 892 1329 60)
922 1272 1085 1316 fatetur
1117 1287 1162 1316 se
1195 1274 1360 1316 nescire
1394 1273 1492 1328 quis
1525 1273 1582 1315 sit
1597 1306 1607 1324 ,

244 1364 272 1393 a
315 1350 529 1394 Meinekio
572 1351 707 1406 (Gom.
749 1352 803 1394 ΙΙ.
849 1352 955 1409 735)
996 1356 1061 1405 et,
1103 1356 1151 1395 ut
1193 1356 1338 1408 patet,
1382 1366 1410 1394 a
1441 1350 1606 1395 Cohnio

244 1428 429 1474 habetur
459 1445 539 1486 pro
571 1430 743 1475 Comico
774 1436 915 1488 poeta.

303 1509 405 1552 ibid.
438 1509 567 1551 VIII:
598 1510 686 1552 834
708 1509 742 1553 C
774 1511 999 1561 ἀβόλοις·
1032 1510 1180 1562 ἄβολος
1208 1511 1304 1561 νέος,
1337 1511 1482 1553 οὐδέπω
1508 1510 1604 1560 γνώ-

241 1603 346 1638 μονα
387 1588 502 1640 ἔχων.
536 1590 719 1639 γνώμονα
751 1590 782 1631 δ’
813 1590 951 1640 ἔλεγον
982 1591 1048 1632 τὸν
1078 1589 1326 1641 βαλλόμενον
1360 1590 1524 1639 ὄδόντα,
1558 1589 1603 1631 δι’

242 1662 286 1709 οὗ
327 1666 402 1712 τὰς
446 1668 598 1716 ἡλικίας
645 1666 844 1721 ἐξήταζον.
889 1668 953 1711 τὸν
996 1666 1034 1710 δὲ
1077 1669 1196 1711 αὐτὸν
1234 1668 1300 1710 καὶ
1332 1668 1606 1719 κατηρτυκότα

242 1744 393 1795 ἔλεγον.
442 1748 485 1788 ἐκ
531 1749 768 1798 μεταφορᾶς
812 1747 850 1790 δὲ
894 1753 964 1796 τῆς
1001 1747 1082 1789 απὸ
1125 1751 1199 1790 τῶν
1245 1747 1492 1799 τετραπόδων
1538 1746 1605 1789 καὶ

240 1825 559 1874 λειπογνώμονας
599 1825 688 1871 τοὺς
731 1825 1116 1877 ἀπογεγηρακότας,
1161 1827 1199 1868 ἐν
1242 1823 1294 1871 οἷς
1338 1825 1530 1868 ἐλελοίπει
1562 1825 1606 1868 τὸ

241 1904 458 1957 γνώρισμα.

304 1982 558 2027 Observatio
614 1981 740 2026 fluxit
790 1997 843 2026 ex
895 1983 1187 2039 Aristophane
1239 1984 1474 2040 Byzantio,
1528 1997 1606 2039 per

242 2061 455 2104 Boethum
485 2061 684 2105 fortasse.
730 2062 893 2105 Partim
925 2066 1094 2114 tamen,
1129 2062 1302 2118 qualem
1333 2062 1402 2105 hic
1425 2062 1604 2116 legimus

243 2145 446 2196 corrupta
487 2147 553 2185 est
597 2142 662 2185 vel
702 2142 847 2199 potius
887 2156 1034 2185 errore
1078 2142 1309 2198 premitur,
1351 2155 1479 2197 quem
1516 2142 1606 2184 iam

243 2220 345 2262 olim
397 2220 670 2263 commissum
716 2234 811 2264 esse
857 2234 1093 2265 consensus
1142 2220 1301 2264 Scholii
1349 2226 1393 2264 et
1441 2220 1600 2264 Suidae

243 2303 451 2355 arguunt,
483 2313 563 2343 nec
594 2313 678 2343 non
712 2303 928 2343 testantur
960 2299 1122 2343 similes
1154 2313 1323 2343 errores
1357 2299 1474 2355 apud
1496 2298 1605 2342 alios

240 2378 554 2432 grammaticos.
603 2378 712 2420 Nam
745 2378 1073 2433 legimusapud
1105 2378 1367 2434 Hesychium
1398 2377 1603 2427 ἄβολος·

241 2456 342 2506 νέος,
374 2456 520 2499 οὐδέπω
554 2456 674 2510 ῥίψας
709 2456 847 2500 ὀδόντα
880 2458 918 2512 (.
937 2490 946 2499 .
966 2459 1030 2511 ..)
1061 2458 1126 2500 τὸν
1153 2457 1192 2499 δὲ
1222 2457 1339 2500 αὐτὸν
1366 2457 1432 2499 καὶ
1460 2473 1604 2507 κατηρ-

242 2535 392 2579 τυκότα
432 2536 590 2588 ἔλεγον,
635 2536 753 2593 apud
794 2536 1084 2594 Phrynichum
1115 2536 1248 2580 Bekk.
1279 2537 1412 2589 4933
1442 2546 1602 2579 λειπο-

242 2618 463 2669 γνώμων·
507 2618 686 2667 σημαίνει
713 2619 779 2660 τὸν
809 2618 970 2667 μηδέπω
1001 2620 1066 2660 τὸν
1098 2617 1234 2659 ὀδόντα
1264 2616 1525 2672 βεβληκότα,
1559 2617 1604 2658 δι’

243 2694 285 2738 οὗ
307 2699 328 2746 ἡ
357 2698 489 2746 ἡλικία
511 2700 585 2739 τῶν
606 2696 734 2740 ἵππων
757 2697 824 2739 καὶ
850 2701 924 2739 τῶν
941 2695 1073 2739 ἄλλων
1091 2696 1336 2749 τετραπόδων
1352 2695 1600 2749 γνωρίζεται,

243 2774 287 2818 in
320 2779 439 2819 sexto
471 2775 551 2818 lex.
583 2775 716 2820 Bekk.
750 2776 883 2827 3223
921 2775 1126 2827 ἄβολος·
1159 2775 1303 2819 οὐδέπω
1336 2776 1439 2830 ἔχων
1470 2791 1507 2817 τι
1538 2775 1602 2818 ἐπὶ
