2057 3375
1052 307 1111 350 54

390 447 618 504 parodiam
650 461 746 490 esse
778 447 1029 502 Euripidei,
1062 451 1106 489 et
1137 447 1354 502 tragicos,
1387 448 1491 502 quia
1522 448 1635 490 aliae
1662 462 1761 502 gen-

390 532 456 570 tes
487 527 639 570 Jovem
671 528 849 580 πατρῷον
871 526 1089 581 colerent,
1113 526 1226 569 hanc
1251 526 1526 570 omissionem
1549 528 1764 583 corrigere

393 607 639 661 cupientes,
670 605 820 648 Jovem
855 606 1032 658 πατρῷον
1055 619 1187 660 saepe
1208 606 1458 660 ingessisse3
1481 620 1594 661 quae
1615 610 1761 649 tamen

392 688 615 740 postrema
655 683 887 738 explicatio
930 683 1065 725 dubia
1107 683 1303 726 redditur
1333 683 1541 729 Lobeckii
1575 685 1736 727 monito
1752 720 1763 741 ,

392 762 583 818 tragicos
614 761 698 803 hoc
730 761 903 803 nomine
936 774 1106 816 semper
1126 762 1216 816 uti,
1239 762 1315 803 ubi
1337 768 1496 817 agatur
1517 762 1571 804 de
1593 762 1761 818 herois,

392 854 420 883 a
449 839 555 884 Jove
587 839 791 884 oriundis.
825 838 878 883 cf.
909 838 1109 891 Lobeck,
1145 839 1468 896 Aglaophamus
1499 855 1569 897 pg.
1603 840 1763 892 77011;

392 919 591 982 Ellendt,
633 919 806 963 lexicon
844 919 1132 976 Sophocleum
1164 920 1208 963 H
1246 936 1317 977 pg.
1351 922 1463 974 5333
1496 921 1765 973 Scho‘mann,

393 998 466 1043 Gr.
507 998 701 1043 Alterth.-
728 998 784 1043 Π.
828 1014 896 1055 pg.
939 998 1042 1044 549.
1090 999 1390 1056 Xenophontis
1439 1001 1580 1045 locum
1612 1000 1766 1058 Cyrop.

394 1078 497 1121 8.45
543 1078 629 1120 huc
675 1091 762 1120 non
809 1077 1069 1120 trahendum
1117 1092 1214 1122 esse
1261 1083 1408 1122 monet
1444 1078 1662 1123 Heindorf
1708 1080 1766 1123 ad

393 1157 508 1200 hunc
539 1156 735 1201 Platonis
767 1156 922 1200 locum.

452 1236 555 1278 ibid.
588 1236 677 1279 302
709 1236 748 1278 D
781 1234 953 1289 ἕρκιος·
992 1234 1080 1289 ἕρκη
1113 1237 1202 1284 τοὺς
1235 1236 1356 1284 οἴκους
1390 1238 1584 1286 Ἀθηναῖοί
1613 1244 1763 1292 φασιν·

394 1316 439 1357 ἐκ
479 1315 618 1358 τούτου
660 1315 699 1357 δὲ
741 1314 809 1357 καὶ
854 1318 952 1362 Ζεῠς
997 1314 1113 1365 ἕρκιος
1158 1313 1251 1368 παρ’
1298 1317 1456 1365 αὐτοῖς,
1501 1315 1540 1358 ὃν
1571 1314 1696 1369 ἵδρυον
1728 1318 1767 1359 ἐν

396 1395 546 1443 τούτοις
577 1400 767 1447 Φυλακῦς
799 1394 932 1448 χάριν.

457 1473 624 1517 Similia.
670 1474 874 1529 leguntur
920 1473 967 1515 in
1013 1474 1095 1516 lex.
1142 1473 1302 1517 rhetor.
1349 1474 1482 1517 Bekk.
1526 1475 1637 1528 256,
1684 1477 1766 1531 213

396 1553 554 1597 similia
573 1573 575 1575 v
593 1566 767 1608 quoque
811 1552 994 1595 Photius
1035 1552 1191 1604 habet,
1234 1553 1308 1596 ubi
1352 1557 1498 1597 tamen
1539 1568 1625 1597 non
1675 1569 1769 1598 esse

394 1632 585 1689 glossam
617 1631 888 1674 Platonicam
919 1631 1062 1687 ipsum
1084 1631 1244 1675 lemma
1264 1632 1412 1685 ἑρκείο
1429 1649 1451 1675 υ
1473 1633 1586 1680 Διός
1614 1633 1768 1687 arguit.

396 1711 449 1754 cf.
481 1711 640 1754 Naber.
689 1710 774 1753 Pro
805 1710 923 1762 ἕρκιος
956 1711 1001 1752 in
1034 1710 1205 1753 Scholio
1237 1710 1319 1767 leg.
1344 1709 1483 1764 ἕρκειος
1505 1712 1593 1754 sive
1615 1713 1767 1765 ἑρκεῖος.

457 1788 598 1834 Schol.
630 1788 763 1846 Gorg.
794 1789 883 1834 469
918 1789 957 1833 D
1005 1789 1091 1832 ὑπὸ
1130 1790 1319 1841 μάλης·
1358 1791 1507 1839 πάντες
1539 1792 1571 1835 οἱ
1603 1792 1767 1835 παλαιοὶ

394 1869 649 1924 προφέρονται
687 1870 839 1920 ἑνικῶς,
872 1869 1088 1912 τάττονται
1122 1870 1161 1911 δὲ
1197 1870 1296 1913 αὐτὸ
1329 1870 1393 1912 ἐπὶ
1425 1874 1494 1913 τοῦ
1529 1872 1698 1925 κρυφίως
1729 1887 1767 1914 τι

395 1950 604 2005 πράττειν,
648 1950 715 1992 καὶ
759 1949 823 1991 ds}
855 1950 966 2000 μετά
996 1955 1067 1998 τῆς
1100 1949 1333 2001 προθέσεως,
1366 1951 1415 1997 ὡς
1449 1951 1697 2001 Δημοσθένης
1730 1952 1768 1993 ἐν

395 2031 449 2084 τῷ
481 2029 573 2084 πρὸς
601 2028 811 2083 ’Ἄφοβον
844 2029 959 2072 ἀλλὰ
989 2030 1068 2080 μην
1098 2030 1177 2083 οὐχ
1209 2025 1264 2078 εἷς
1286 2029 1369 2073 οὐδὲ
1391 2029 1454 2073 δύο
1476 2032 1594 2074 ταῦτ’
1614 2029 1767 2083 ἴσασιν,

393 2110 471 2152 οὐδ’
514 2109 588 2151 ὑπὸ
629 2109 766 2159 μάλης
810 2111 832 2158 ἡ
873 2109 1083 2162 πρόκλησις
1127 2109 1311 2160 γέγονεν,
1347 2110 1443 2152 ἀλλ’
1476 2111 1514 2151 ἐν
1546 2116 1594 2164 τῇ
1625 2111 1767 2165 άγορᾷ.

395 2190 660 2237 πληθυντικῶς
700 2189 739 2230 δὲ
782 2190 824 2231 οὐ
870 2189 1010 2238 μάλας
1050 2187 1232 2239 λέγουσιν
1263 2190 1378 2231 άλλοὶ
1413 2190 1668 2242 μασχάλας,
1701 2190 1768 2232 καὶ

393 2267 487 2311 ἄνευ
529 2272 601 2317 τῆς
644 2267 868 2321 προθέσεως.
933 2268 1088 2315 Λυσίας
1121 2268 1160 2309 ἐν
1191 2274 1241 2321 τῇ
1273 2269 1366 2321 πρὸς
1400 2268 1653 2322 Μετάνειραν
1686 2269 1768 2311 ε’πι-

392 2354 540 2402 στολῇ’
574 2347 641 2389 καὶ
675 2348 745 2396 την
776 2348 849 2396 μὲν
881 2347 1004 2398 κόμην
1035 2350 1158 2400 ψιλην
1190 2347 1323 2400 ἔχεις,
1358 2349 1434 2396 τὰς
1467 2348 1507 2390 δὲ
1537 2347 1768 2402 μασχάλας

393 2427 569 2475 δασείας.
602 2427 647 2470 τὸ
678 2427 809 2478 μέντοι
843 2426 917 2469 ὑπὸ
947 2426 1140 2477 κόλπους,
1177 2426 1322 2469 ταύτὸν
1355 2426 1422 2469 καὶ
1457 2427 1555 2470 αὐτὸ
1586 2428 1697 2471 κατά
1725 2428 1770 2471 τὸ

392 2506 673 2558 σημαινόμενον
711 2506 913 2559 ὑπάρχον,
947 2506 1182 2559 ἀμφοτέρως
1217 2507 1459 2559 ἐχρήσαντο,
1497 2507 1624 2553 ἑνικῶς
1659 2507 1767 2560 φημὶ

392 2587 458 2628 καὶ
501 2587 790 2637 πληθυντικῶς,
835 2586 899 2628 καὶ
944 2586 1005 2627 άεὶ
1049 2586 1159 2636 μετὰ
1202 2592 1274 2636 τῆς
1314 2586 1549 2638 προθέσεως,
1591 2583 1663 2629 οἷον
1696 2587 1770 2629 ὑπὸ

391 2667 537 2709 κόλπον
568 2665 635 2707 καὶ
671 2666 745 2708 ὑπὸ
779 2665 964 2713 κόλπους.

397 2804 409 2813 .
453 2745 654 2789 Glossam
676 2745 793 2801 apud
815 2745 1042 2798 Photium,
1066 2759 1178 2801 quae
1201 2746 1423 2797 convenit,
1446 2746 1560 2789 inter
1580 2746 1766 2790 Aeliana
