2057 3375
988 295 1017 338 5

319 439 362 479 et
408 435 489 479 has
535 435 843 491 explicationes
886 435 947 477 ibi
988 434 1191 477 collectas
1233 448 1326 477 esse
1368 434 1566 489 viderim,
1613 434 1687 476 ubi

317 516 549 559 maximam
580 516 812 558 utilitatem
844 514 1077 571 praebent,
1120 529 1273 570 nempe
1304 514 1349 556 in
1370 513 1562 569 Corpore
1585 512 1684 555 Par-

318 596 718 651 oemiographorum
761 594 1049 649 Graecorum,
1093 594 1208 649 quod
1250 595 1475 637 ediderunt
1514 593 1685 636 Schnei-

318 675 456 718 dewin
493 679 537 718 et
578 674 787 725 Leutsch‚
836 674 911 717 ubi
955 687 1033 716 suo
1077 687 1276 729 quaeque
1317 674 1412 716 loco
1453 673 1683 728 explicatio

318 768 341 795 e
393 753 574 796 Scholiis
622 753 852 803 laudatur,
902 766 1042 806 neque
1092 752 1276 806 (lenique
1329 752 1373 793 id
1427 765 1554 805 agam
1573 784 1583 801 ‚
1637 756 1685 793 ut

319 832 491 876 Scholia
532 832 767 883 illustrem,
813 831 887 875 sed
931 845 1042 887 quae
1074 833 1117 874 in
1150 832 1201 874 iis
1234 831 1382 874 insunt
1413 830 1685 886 grammatici

318 910 558 969 argumenti
599 925 626 954 a
668 911 822 954 ceteris
866 924 1071 966 seponam
1114 914 1245 966 atque
1279 910 1501 966 colligam,
1534 923 1682 952 omnes

317 993 526 1035 omittam.

378 1071 506 1115 Hisce
544 1072 596 1114 de
635 1072 834 1114 universa
866 1071 1133 1114 Scholiorum
1165 1071 1308 1113 indole
1340 1070 1590 1125 praemissis
1625 1071 1679 1112 ad

317 1151 487 1206 singula
517 1151 704 1193 transire
737 1164 936 1205 possum,
969 1154 1101 1205 atque
1132 1150 1271 1205 primo
1306 1150 1447 1204 capite
1480 1163 1606 1203 agam
1630 1150 1682 1192 de

317 1229 518 1281 Scholiis,
536 1228 693 1284 quibus
710 1229 879 1285 glossae
897 1243 950 1272 ex
967 1229 1223 1285 Diogeniani
1241 1229 1377 1272 lexico
1395 1229 1681 1271 continentur.

608 1624 683 1666 DE
715 1623 941 1666 GLOSSIS
974 1622 1392 1666 DIOGENIANEIS.

375 1782 441 1824 Ex
479 1783 736 1825 doctissimis
769 1783 1133 1837 disputationibus
1166 1783 1396 1825 illustrium
1430 1783 1680 1837 grammati-

316 1876 462 1904 corum
501 1861 890 1904 Alexandrinorum
928 1861 1256 1912 Eratosthenis,
1290 1861 1550 1917 Polemonis,
1586 1861 1681 1903 Ari-

316 1942 563 1997 stophanis,
586 1941 847 1994 Aristarchi,
871 1941 1052 1985 aliorum
1074 1941 1284 1998 Didymus
1300 1940 1372 1984 ille
1394 1940 1678 1994 χαλκέντερος,

316 2021 390 2074 qui
433 2021 616 2076 Augusti
659 2026 802 2063 aetate
841 2023 964 2073 vixit,
997 2023 1326 2064 commentarios
1360 2022 1606 2064 confecerat
1636 2022 1679 2062 in

315 2090 553 2154 permultos
586 2105 739 2155 poetas
772 2116 868 2143 cum
901 2103 1085 2145 comicos
1114 2108 1204 2145 tum
1233 2103 1443 2157 tragicos;
1472 2116 1582 2156 quae
1610 2102 1679 2144 Di-

315 2179 431 2235 dymi
455 2180 594 2222 lexica
617 2186 771 2223 nactus
793 2181 1066 2237 Pamphilus,
1090 2182 1163 2237 qui
1188 2182 1360 2237 saepius
1384 2182 1437 2224 ab
1455 2182 1678 2224 Athenaeo

314 2259 608 2301 testimonium
641 2260 785 2302 dicere
817 2261 1005 2311 iubetur,
1040 2275 1093 2303 ex
1115 2261 1248 2316 copiis
1272 2261 1551 2312 Artemidori,
1574 2261 1677 2304 Her-

314 2339 547 2391 monactis‚
564 2338 791 2391 Theodori,
812 2340 993 2383 aliorum
1013 2340 1225 2396 supplevit
1241 2341 1344 2383 etin
1361 2340 1543 2383 formam
1561 2340 1678 2383 rede-

314 2417 376 2473 git
399 2418 634 2461 doctissimi
652 2422 782 2473 atque
801 2419 1054 2474 amplissimi
1070 2419 1196 2462 lexici
1213 2419 1456 2475 glossarum
1474 2425 1515 2462 et
1533 2433 1676 2461 rerum

315 2498 568 2542 notabilium
612 2498 711 2553 (περ)
755 2503 945 2549 γλωσσῶν
985 2499 1050 2541 καὶ
1084 2500 1282 2550 ὀνομάτων
1314 2501 1423 2542 κατὰ
1454 2499 1676 2554 στοιχεῖον).

314 2577 407 2621 Hoc
449 2577 662 2634 Pamphili
702 2578 870 2622 lexicon
915 2579 959 2621 in
1002 2579 1173 2623 brevius
1207 2581 1420 2624 contraxit
1451 2579 1674 2630 Vestinus,

315 2657 481 2701 Vestini
503 2659 718 2713 epitomen
739 2658 1039 2714 Diogenianus.
1063 2660 1318 2715 Diogeniani
1334 2661 1476 2715 operis
1495 2661 1675 2704 alteram

312 2737 541 2781 editionem
574 2737 738 2780 curavit
768 2737 1006 2794 Hesychius
1038 2742 1211 2795 praeter
1237 2739 1418 2783 aliorum
1446 2754 1580 2796 opera
1602 2742 1675 2784 ad·
