2057 3375
1090 346 1148 389 62

432 484 597 537 καλάμη
611 518 623 542 ,
655 484 700 536 ἐξ
730 483 773 536 ἧς
805 485 959 536 γίνεται
992 485 1197 536 ἐνδύματα
1228 486 1428 540 ἀμόργινα
1458 485 1663 539 λεγόμενα
1677 501 1687 512 ·
1720 487 1742 538 ἢ
1777 489 1798 538 ἦ

431 571 499 609 τοῦ
540 566 674 609 ἐλαίου
717 565 951 617 ὑποστάθμη
995 567 1062 608 καὶ
1107 569 1129 616 ἦ
1173 566 1269 620 τρὺξ
1298 572 1366 610 τοῦ
1398 566 1517 617 οἴνου,
1551 583 1663 624 quae
1695 569 1799 624 quin

431 661 485 690 ex
524 646 745 690 Pausania
782 645 987 690 fluxerint
1017 646 1112 690 fieri
1142 661 1231 691 non
1261 651 1432 704 potest,
1464 652 1515 692 ut
1545 649 1643 704 quis
1675 648 1800 692 dubi-

430 730 516 778 tet3
557 726 738 783 legimus
781 726 896 771 enim
938 726 1056 783 apud
1096 727 1374 771 Eustathium
1403 727 1448 770 in
1479 726 1798 772 Commentario

428 806 485 849 ad
516 806 769 863 Dionysium
800 806 1070 862 Periegetam
1100 821 1159 850 vs.
1191 806 1307 851 525:
1340 808 1572 855 Παυσανίας
1603 805 1644 850 δὲ
1674 805 1718 851 οὗ
1754 807 1799 851 τὸ

428 885 612 929 Ἀττικὸν
651 885 826 937 λεξικόν,
859 885 963 929 ἄλλο
992 903 1030 929 τι
1065 887 1250 940 ἐμφαίνει
1282 886 1433 938 λέγων,
1468 887 1642 941 οέμοργὸς
1674 886 1798 939 ὅμοιον

426 965 588 1021 βύσσῳ,
610 966 678 1009 καὶ
701 964 759 1010 ὅτι
779 965 950 1020 ἁμοργὶς
972 966 1105 1020 κυρίως
1128 968 1151 1017 ἧ
1173 966 1423 1018 λινοκαλοὶμη
1437 999 1449 1018 ,
1472 966 1516 1018 ἐξ
1532 965 1574 1018 ἧς
1593 966 1797 1018 ἐνδύματα

426 1045 660 1097 Ἀμοργίδια
701 1045 905 1095 λεγόμενα
918 1076 930 1096 ,
971 1046 1020 1092 ὦς
1063 1045 1081 1087 ὁ
1117 1045 1285 1095 κωμικὸς
1317 1046 1356 1088 ἐν
1388 1045 1643 1099 Λυσιστράτῃ
1673 1046 1795 1095 δηλοῖ.

428 1124 495 1167 Ad
528 1124 642 1167 hano
674 1125 867 1180 glossam
891 1124 1073 1167 adnotat
1093 1123 1380 1168 Rindfleisch:
1416 1123 1547 1177 „Cum
1571 1129 1615 1168 et
1636 1125 1798 1168 Aristo-

427 1206 595 1261 phanes
638 1204 756 1261 (LyS.
788 1219 824 1248 v.
862 1204 966 1259 150)
999 1208 1044 1248 et
1075 1204 1257 1257 Suidas,
1290 1206 1365 1261 qui
1398 1204 1629 1261 descripsit
1660 1205 1796 1261 expli—

426 1285 641 1328 cationem
684 1284 800 1328 vocis
832 1284 1027 1338 ἀμοργίς,
1061 1285 1302 1340 praebeant
1330 1285 1530 1338 ἀμόργινα
1561 1298 1641 1340 pro
1674 1286 1795 1338 αἱμορ-

425 1365 560 1416 γίδιοι,
604 1368 720 1408 recte
761 1364 807 1407 id
838 1365 1032 1408 restituit
1061 1364 1306 1407 Pausaniae
1337 1364 1537 1408 Meierus.
1570 1365 1795 1416 Ceterum,

426 1458 539 1499 quae
588 1443 743 1487 Suidas
791 1443 936 1495 addit,
979 1446 1085 1498 puto
1131 1427 1330 1498 equidem
1373 1458 1396 1486 e
1442 1443 1660 1487 Pausania
1701 1457 1795 1487 esse

426 1527 624 1577 sumpta,
667 1521 886 1565 exstitisse
929 1525 1076 1564 autem
1120 1522 1236 1577 apud
1276 1521 1570 1564 doctissimum
1603 1525 1794 1564 nostrum

424 1600 671 1644 Atticistam
715 1614 800 1643 non
843 1614 875 1643 s.
907 1614 943 1643 v.
985 1600 1179 1653 ἀμοργίς,
1213 1600 1286 1647 ιδος
1319 1599 1474 1652 (linum
1507 1600 1793 1656 amorginum)

424 1681 498 1724 sed
533 1695 603 1724 s.v.
636 1679 827 1734 ἄμοργις,
865 1695 936 1726 εως
969 1679 1070 1735 (olei
1102 1679 1406 1731 sedimentum)
1439 1683 1482 1723 et
1514 1694 1538 1722 a
1564 1679 1698 1722 Suida
1717 1679 1795 1722 illa

422 1774 517 1803 esse
564 1759 757 1804 confusa.
831 1759 1067 1802 Praeterea
1114 1758 1344 1814 descripsit
1395 1762 1593 1801 nostrum
1650 1758 1791 1801 Schol.

422 1837 615 1882 Platon.'’
677 1838 774 1881 Non
817 1852 994 1893 possum
1038 1837 1145 1880 haec
1190 1838 1244 1879 ab
1278 1837 1394 1880 omni
1425 1843 1551 1892 parte
1582 1838 1791 1893 probare,

423 1918 502 1961 sed
546 1918 649 1960 mihi
694 1932 929 1960 consensus
973 1917 1111 1960 Schol.
1155 1921 1199 1960 et
1242 1916 1400 1960 Suidae
1443 1917 1537 1972 (qui
1579 1931 1607 1959 a
1638 1916 1791 1960 Photio

420 1997 609 2052 glossam
663 1997 851 2052 accepit)
899 1995 956 2038 ad
1002 1995 1214 2038 Boethum
1264 1995 1421 2038 ducere
1475 1995 1661 2045 videtur,
1716 1995 1791 2050 qui

420 2075 646 2119 Atticistas
678 2074 939 2127 adhibebat3
973 2088 1138 2130 neque,
1171 2074 1275 2130 quia
1296 2077 1340 2117 et
1359 2074 1560 2118 Eustath.
1583 2078 1627 2117 et
1649 2073 1789 2117 Schol.

419 2155 633 2207 ἀμοργίδια
656 2154 841 2207 habent,
864 2154 946 2197 hoo
968 2155 1235 2197 removerim.
1277 2154 1433 2197 Utrum
1456 2153 1589 2196 verba
1608 2153 1788 2196 Scholii:

418 2235 451 2276 οἱ
492 2234 533 2276 δὲ
563 2234 618 2276 τὰ
653 2234 920 2286 παραπλήσια
951 2233 1090 2286 βύσσῳ
1120 2233 1278 2276 Boethi
1309 2233 1395 2276 sint
1426 2247 1483 2276 an
1517 2232 1788 2276 Scholiastae

419 2312 597 2357 dubium
630 2316 718 2369 est,
752 2312 826 2356 sed
860 2311 1049 2356 conferri
1080 2315 1264 2369 possunt
1296 2310 1475 2355 Suidas:
1507 2311 1786 2364 ἀμόργινον·

417 2391 542 2443 ὅμοιον
587 2392 726 2445 βύσσῳ
784 2392 849 2435 καὶ
903 2391 1119 2439 πολυτελές
1174 2394 1219 2434 et
1274 2390 1377 2434 Lex.
1435 2390 1594 2434 rhetor.
1651 2389 1787 2433 Bekk.

418 2472 610 2514 210:29
652 2471 863 2522 ἆμοργὶς
905 2472 952 2513 τί
994 2472 1124 2513 ἐστι’
1168 2475 1237 2513 τοῦ
1279 2471 1467 2521 καλάμου
1508 2475 1580 2518 τῆς
1620 2470 1788 2519 ἀνθήλης

415 2553 460 2594 τὸ
498 2551 771 2594 λεπτότατον·
804 2550 900 2594 ἔοικε
932 2550 972 2593 δὲ
1004 2550 1153 2603 βύσσῳ.
1194 2547 1275 2593 ὅθεν
1307 2548 1502 2604 ἀμόργινα
1535 2549 1681 2601 ἱμάτια
1717 2547 1788 2605 (cf.

416 2631 555 2685 Etym.
598 2629 655 2672 M.
701 2630 892 2683 129,20).
956 2628 1184 2683 Nusquam
1221 2629 1437 2671 invenitur
1467 2628 1655 2681 ἄμοργις,
1688 2644 1784 2676 εως,

416 2708 495 2751 sed
537 2709 653 2763 apud
697 2708 975 2751 Eustathium
1007 2708 1062 2750 l.l.
1094 2708 1273 2763 legitur:
1309 2705 1354 2749 τὸ
1386 2707 1426 2748 δὲ
1458 2706 1666 2759 ἀμόργινος
1699 2721 1787 2758 προ-

415 2786 682 2841 παροξυτόνως
714 2792 880 2841 χιτῶνος
911 2788 1084 2831 ἐπίθετον
1104 2787 1186 2830 ἀπὸ
1208 2786 1423 2840 χρώματος
1445 2785 1536 2834 ἴσως
1558 2785 1785 2839 ἐλαιοχρόου
