2057 3375
886 309 945 351 95

292 446 431 490 Schol.
463 447 625 504 Cratyl.
658 447 743 490 407
779 447 817 489 D
848 446 1078 501 ἄρρατον·
1112 447 1298 500 ἀσφαλὲς
1322 447 1591 498 ἢάκαματον,

229 529 262 570 οἱ
304 528 343 571 δὲ
383 528 564 580 ἰσχυρόν,
609 528 692 570 ἔνιοι
729 527 884 581 μικρόν,
917 528 949 570 οἱ
981 528 1020 570 δὲ
1050 527 1187 578 μέγα,
1219 528 1251 569 οἱ
1283 527 1323 569 δὲ
1353 528 1397 570 τὸ
1431 530 1598 578 σκληρὸν

231 608 295 649 καὶ
329 607 647 660 ἀμετάστροφον.

290 687 410 731 Coni.
451 686 590 731 Schol.
634 686 741 743 Rep.
783 686 891 730 VII:
935 686 1024 731 536
1067 686 1102 729 Β
1144 686 1366 740 ἄρρατον·
1407 685 1594 739 ἰσχυρόν,

229 765 401 820 στερεόν,
436 766 458 815 ἢ
491 766 724 813 δυσκίνητον.

293 844 470 889 Collatis
502 845 650 890 lexicis
680 844 868 896 Timaei,
900 846 1041 901 Etym.
1074 844 1130 888 M.
1144 880 1154 898 ‚
1186 844 1318 889 Bekk.
1354 850 1398 888 et
1427 844 1598 901 Didymi

230 925 347 981 apud
368 924 520 967 Miller.
544 937 568 967 e
590 924 755 967 Boetho
777 936 873 966 esse
894 924 1035 979 possis
1059 924 1290 980 suspicari,
1313 937 1423 979 quae
1448 924 1599 977 legun-

230 1005 388 1064 turin
430 1008 550 1047 sexto
591 1005 672 1047 lex.
715 1003 848 1047 Bekk.
890 1005 1008 1060 442,
1049 1005 1133 1047 20:
1176 1005 1399 1057 ἄρρατον·
1440 1004 1598 1056 ἰσχυρόν

231 1084 253 1133 ἢ
296 1083 529 1132 δυσκίνητον.
577 1084 598 1133 ἢ
636 1080 798 1135 σκληρὸν
830 1082 897 1125 καὶ
929 1083 1249 1135 ἀμετάστροφον.
1315 1083 1410 1126 Duo
1443 1083 1595 1126 ultima

230 1162 362 1205 verba
401 1162 537 1217 ipsius
580 1161 774 1204 Platonis
815 1161 1118 1217 interpretatio
1162 1167 1285 1213 sunt,
1330 1175 1442 1217 quae
1488 1162 1523 1204 si
1554 1162 1599 1203 in

230 1241 332 1284 solis
371 1240 551 1284 Scholiis
582 1242 843 1296 legerentur,
874 1254 961 1284 non
993 1240 1237 1283 dubitarem
1269 1241 1410 1284 dicere
1443 1240 1600 1283 Scho-

229 1320 444 1364 liastam
477 1321 779 1376 adscripsisse3
815 1335 929 1364 nunc
962 1324 1129 1376 autem,
1155 1321 1260 1376 quia
1280 1321 1325 1362 in
1342 1319 1599 1372 Bekk.lex.,

230 1414 254 1442 e
285 1399 465 1443 Platone
497 1401 878 1456 grammaticus
912 1401 1104 1456 sumpsit.
1137 1399 1285 1455 Neque
1307 1400 1465 1452 ἰσχυρόν
1481 1399 1524 1442 in
1543 1399 1599 1455 gl.

231 1493 284 1522 ex
333 1479 496 1522 Timaei
536 1480 672 1523 lexico
715 1493 810 1523 esse
852 1478 1024 1523 docebit
1069 1480 1196 1523 huius
1228 1480 1396 1534 integra
1427 1479 1573 1534 glossa
1587 1513 1596 1531 ‚

230 1573 344 1614 quae
380 1564 447 1602 est
477 1559 523 1602 in
554 1559 705 1603 eodem
737 1559 818 1602 lex.
850 1558 984 1603 Bekk.
1016 1560 1192 1612 446‚15.

289 1637 393 1681 ibid.
424 1638 511 1681 428
546 1637 582 1680 D
614 1637 769 1690 θαμά·
801 1642 977 1689 πυκνῶς,
1010 1641 1178 1691 συχνῶς.

291 1716 417 1759 Adde
450 1715 590 1759 Schol.
624 1716 729 1772 Rep.
763 1717 811 1759 I:
845 1717 931 1759 328
965 1716 998 1760 C
1030 1716 1278 1769 θαμίζεις·
1312 1716 1537 1769 συχνοὶζεις.

291 1795 443 1839 Paullo
466 1796 635 1851 plenius
658 1796 781 1840 Phot.
803 1797 936 1845 θαμά
952 1810 961 1819 ·
985 1801 1184 1849 συνεχῶς,
1216 1800 1365 1843 πυκνῶς
1381 1829 1392 1847 ,
1424 1796 1597 1844 διηνεκῶς

230 1877 274 1918 et
294 1876 535 1928 θαμίζεις·
571 1875 802 1929 πυκναζεις,
836 1875 1060 1929 συχνάζεις.
1097 1875 1356 1918 Schmidtius
1389 1876 1522 1918 refert
1543 1877 1598 1919 ad

231 1955 541 2009 Diogenianum
587 1956 693 2009 (sive
728 1955 953 2011 Hesych.)‚
988 1955 1183 1998 Naberus
1216 1956 1374 1998 rectius
1410 1956 1597 1999 fortasse

231 2032 289 2078 ad
329 2033 494 2090 glossas
538 2034 801 2087 Platonicas‚
845 2034 870 2078 i.
915 2048 950 2078 e.
1000 2033 1056 2078 ad
1088 2033 1313 2079 Boethum.
1378 2034 1432 2078 Et
1465 2034 1597 2079 habet

231 2113 436 2168 Didymus
457 2114 612 2156 Milleri
635 2114 771 2162 θαμά
788 2128 796 2136 ·
816 2119 966 2161 πυκνῶς
983 2114 1049 2156 καὶ
1072 2114 1290 2166 θαμίζειν
1305 2114 1350 2156 τὸ
1378 2115 1596 2168 πυκναζειν.

293 2191 433 2236 Schol.
468 2193 643 2236 Theaet.
679 2194 765 2236 166
788 2193 826 2236 D
859 2198 1039 2236 πολλοῦ
1071 2194 1182 2236 δέω·
1217 2194 1338 2245 πόρρω
1371 2195 1463 2236 λίαν
1494 2193 1597 2249 εἰμι’,

230 2272 273 2313 οὐ
304 2270 503 2322 βούλομαι
535 2272 688 2321 λέγειν,
722 2276 867 2315 σιωπῶ.

291 2349 412 2393 Idem
459 2350 579 2393 Phot.
624 2351 801 2395 Brevius
846 2350 987 2394 Schol.
1033 2350 1215 2394 Phaedr.
1259 2351 1344 2392 228
1388 2351 1451 2406 (in
1494 2350 1598 2394 Cod.

233 2429 331 2472 ΜΒ.
366 2414 543 2479 Veneti
565 2436 609 2474 et
640 2431 763 2487 Apol.
797 2416 961 2474 Socrat.
994 2432 1051 2473 30
1075 2431 1124 2474 D.

292 2507 393 2553 ibid.
441 2509 525 2553 176
558 2509 592 2554 C
634 2510 900 2561 βάναυσοι·
941 2510 973 2554 οἱ
1004 2510 1138 2563 ἑδραῖοι
1171 2513 1354 2563 τεχνῖται
1388 2509 1453 2552 καὶ
1487 2509 1597 2561 παρὰ

231 2588 390 2641 βαύνῳ,
425 2589 447 2630 ὅ
476 2591 558 2631 ἐστι
590 2593 770 2643 καμίνῳ,
798 2591 836 2633 τὶ
864 2591 974 2643 ἔργον
999 2589 1260 2639 διατιθέμενοι.
1289 2591 1319 2631 οἱ
1343 2590 1381 2631 δὲ
1398 2589 1597 2639 βάναυσον

231 2667 297 2709 τὸν
324 2668 577 2721 ἀπάνθρωπον
605 2670 670 2711 καὶ
703 2670 967 2723 ὑφερήφανον.
994 2671 1078 2711 ἔνιοι
1107 2669 1145 2711 δὲ
1160 2669 1364 2719 βαναύσου
1381 2669 1509 2721 χειρὸς
1524 2674 1595 2717 τῆς

234 2745 453 2799 ὑβριστικῆς
470 2747 491 2797 ἢ
506 2754 704 2802 τεχνικῆς.
715 2749 826 2799 δηλοῖ
833 2749 872 2791 δὲ
884 2750 971 2796 τοὺς
983 2747 1240 2802 χειροτέχνας
1252 2749 1317 2789 καὶ
1330 2748 1594 2799 δημιουργούς.
