2057 3375
892 314 947 356 27

239 452 356 503 ματα
397 470 485 495 τινα
528 453 592 496 καὶ
637 453 831 506 Περσικοὶ,
873 449 925 500 οἷς
957 453 1044 494 ἀντὶ
1078 451 1252 494 ἀσπίδων
1284 452 1465 504 ἐχρῶντο.
1499 450 1530 492 οἱ
1566 449 1604 491 δὲ

239 533 359 584 γέρρα
389 534 465 579 τοὶς
496 533 643 582 σκηνάς
675 537 804 586 φασι,
838 532 905 574 καὶ
938 530 1188 585 γερροφόρους
1221 531 1309 576 τοὺς
1342 531 1396 572 τα
1424 529 1604 581 εἰρημένα

239 612 445 665 φέροντας.

301 691 492 734 Priorem
525 690 684 735 scholii
715 695 884 746 partem
918 690 1074 734 Suidas
1107 690 1163 733 ad
1195 689 1374 732 verbum
1407 688 1604 738 exhibet,

241 770 480 826 Hesychius
526 770 655 814 haec:
703 770 873 823 γέρρα·
914 770 970 813 τὰ
1011 769 1289 819 σκεπάσματα
1326 767 1462 811 πάντα
1496 767 1518 817 ἢ
1550 768 1605 810 τα

241 850 455 902 δερματινα
498 849 789 901 σκεπάσματα.
840 848 946 893 Cum
991 848 1180 892 secunda
1221 849 1252 891 οἱ
1297 848 1336 890 δὲ
1373 847 1492 900 γέρρα
1521 846 1604 890 κτὲ.

240 928 350 972 conf.
382 929 484 972 Hes.
515 930 686 982 γέρρα·
719 929 794 976 τὰς
826 928 972 978 σκηνάς
1003 932 1047 970 et
1073 927 1284 983 Harpocr.
1311 928 1410 969 inv.
1433 926 1605 969 Intelle-

240 1010 355 1064 gitur
388 1009 721 1060 Demosthenes,
747 1009 822 1063 qui
850 1009 911 1051 sic
935 1009 1043 1051 dixit
1059 1022 1137 1063 pro
1155 1007 1434 1062 Ctesiphonte
1457 1011 1483 1061 ξ
1507 1007 1603 1049 169.

304 1086 445 1132 Schol.
476 1086 613 1131 Alcib.
645 1087 692 1131 I:
730 1088 814 1131 122
844 1087 880 1131 D
912 1085 1119 1135 Εἵλωτες
1147 1087 1258 1140 παρα
1285 1085 1606 1137 Λακεδαιμονίοις

240 1168 271 1209 οἱ
315 1167 407 1209 νόθοι
454 1167 520 1208 καὶ
571 1166 614 1217 ἐξ
660 1167 934 1220 αἰχμαλώτων
981 1166 1105 1209 δοῦλοι
1147 1167 1369 1217 γενόμενοι,
1414 1165 1494 1206 ἀπὸ
1537 1168 1605 1206 τοῦ

236 1245 402 1295 Ἕλους,
435 1247 582 1293 πόλεως
617 1248 653 1288 ἐν
685 1247 987 1296 Πελοποννήσῳ·

511 1326 576 1369 καὶ
610 1326 781 1369 Πτελεὸν
813 1325 879 1368 καὶ
913 1325 1034 1373 Ἕλος
1065 1324 1129 1368 καὶ
1165 1325 1305 1378 Δώριον

239 1404 360 1457 φησιν
390 1404 580 1456 “Ὀμηρος.
614 1404 680 1445 καὶ
714 1404 894 1446 εἱλωτεία
921 1406 942 1453 ἧ
976 1404 1144 1446 δουλεία.

303 1483 420 1526 Idem
455 1482 636 1534 Suidas,
669 1483 784 1538 apud
817 1497 945 1538 quem
975 1481 1151 1525 Homeri
1179 1483 1297 1525 locus
1325 1483 1391 1537 (Il.
1413 1483 1474 1525 B:
1497 1482 1606 1538 594)

245 1561 374 1604 deest.
407 1561 592 1618 Hesych.
625 1561 779 1605 habet:
811 1560 1043 1608 Εἵλωτες·
1076 1563 1107 1604 οἱ
1142 1563 1441 1612 Λακεδαιμόνιοι
1466 1562 1605 1605 δοῦλοι.

243 1642 275 1684 οἱ
319 1641 429 1694 παρα
471 1642 634 1685 Λάκωσι
676 1642 930 1690 δουλεύοντες.
989 1640 1152 1685 Similia
1196 1642 1397 1698 leguntur
1438 1642 1482 1685 in
1523 1641 1606 1685 lex,

241 1720 351 1764 rhet.
383 1720 517 1764 Bekk.
550 1721 662 1774 246,
698 1721 781 1765 16:
814 1719 1049 1767 Εἵλωτες·
1083 1722 1116 1763 οἱ
1148 1721 1270 1764 δοῦλοι
1303 1725 1376 1764 τῶν
1409 1721 1607 1765 Λακεδαι-

241 1803 392 1852 μονίων.
427 1802 641 1849 ἐκλήθησαν
674 1802 712 1844 δὲ
745 1800 887 1851 οὕτως,
923 1801 1051 1849 ἐπειδη
1080 1802 1301 1851 ἡττήθησαν
1330 1806 1476 1854 πρῶτον
1499 1802 1536 1844 ἐν
1553 1804 1606 1853 τῷ

237 1877 349 1923 Ἕλει
392 1879 457 1922 καὶ
503 1880 783 1931 ἐδουλώθησαν,
831 1894 942 1936 quae
983 1880 1202 1937 Boysenus
1241 1896 1308 1936 pg.
1341 1880 1397 1923 47
1432 1885 1608 1936 propter

242 1960 396 2002 seriem
434 1959 678 2009 verborum,
724 1960 767 2001 in
801 1974 887 2014 qua
918 1961 1130 2015 leguntur,
1164 1961 1219 2002 ad
1251 1961 1418 2003 Aelium
1453 1961 1607 2015 Diony-

242 2038 351 2081 sium
390 2038 533 2081 refert.
573 2038 804 2095 Dionysius
837 2044 982 2082 autem
1015 2039 1249 2082 adhibebat
1280 2040 1606 2093 Diogenianum.

304 2116 443 2161 Schol.
486 2117 644 2161 Timae.
679 2119 736 2161 84
756 2118 798 2162 -Β
836 2120 1176 2174 σφακελίσαν·
1209 2118 1488 2172 σφακελισμός
1525 2121 1607 2162 ἐστι

240 2201 359 2250 σῆψις
402 2202 567 2249 μυελοῦ,
611 2198 677 2240 καὶ
718 2200 921 2252 σφάκελος
955 2201 976 2250 ή
1014 2200 1123 2251 μετὰ
1155 2203 1344 2250 σπασμοῦ
1378 2206 1447 2249 τῆς
1480 2205 1606 2253 χολῆς

240 2277 406 2329 πρόεσις.
443 2278 459 2318 o‘
491 2278 530 2318 δὲ
561 2278 747 2327 σπασμὸς
781 2277 889 2325 οὗτος
925 2281 1033 2328 μετα
1064 2286 1314 2332 φλεγμονῆς.
1346 2280 1464 2331 ἰατροὶ
1482 2280 1522 2321 δὲ
1538 2281 1607 2326 την

240 2357 434 2406 μελανίαν
477 2357 499 2406 ή
543 2359 612 2405 την
655 2358 827 2410 σφοδρὰν
870 2358 1020 2407 ὀδύνην,
1067 2359 1151 2400 ἔνιοι
1191 2359 1230 2400 δὲ
1260 2360 1329 2406 τῆν
1361 2364 1436 2400 τῶν
1467 2360 1606 2401 ὀστέων

240 2440 373 2490 σῆψιν.
406 2437 572 2488 λέγεται
605 2437 644 2481 δὲ
677 2436 742 2481 καὶ
778 2438 795 2481 ὁ
828 2437 1019 2492 σφυγμὸς
1048 2438 1112 2482 καὶ
1140 2438 1157 2481 ὁ
1194 2438 1371 2488 παλμός.
1402 2438 1515 2482 ἀλλὰ
1539 2437 1606 2481 καὶ

241 2517 258 2557 ὁ
289 2516 406 2567 μέσος
438 2522 508 2565 τῆς
540 2517 668 2570 χειρὸς
700 2518 906 2565 δάκτυλος.

301 2595 466 2640 Similia
496 2596 688 2640 Photius.
735 2597 996 2653 Utrumque,
1039 2597 1161 2641 Phot.
1196 2601 1239 2640 et
1271 2597 1433 2649 Schol.‚
1466 2598 1606 2653 ipsum

241 2675 554 2732 Diogenianum
589 2675 772 2733 adiisse,
807 2676 1066 2720 contendere
1090 2676 1239 2719 ausim.
1273 2676 1378 2719 Vide
1399 2675 1607 2733 Hesych:

241 2755 520 2808 σφακελισμὸς
565 2757 644 2807 γὰρ
685 2756 754 2798 καὶ
799 2757 1001 2811 σφάκελος
1046 2759 1067 2808 ἡ
1109 2756 1275 2810 ἄμετρος
1317 2757 1448 2807 ὀδύνη·
1486 2757 1553 2799 καὶ
1586 2760 1608 2808 ἡ
