2057 3375
1064 326 1148 368 102

477 463 578 506 ibid.
618 463 707 506 489
741 463 774 507 C
815 464 1083 519 συρφετός·
1118 464 1345 518 άγυρτώδης
1377 464 1521 517 ὄχλος,
1557 466 1607 524 ὥς
1641 469 1729 517 νῦν,
1766 468 1788 516 ἢ

417 544 558 592 λόγος,
603 543 626 592 ἢ
659 542 704 592 ἐξ
734 543 881 593 άνέμου
913 543 1185 594 συλλεγομένη
1218 544 1353 596 κόπρος
1370 557 1379 566 ·
1413 543 1479 586 καὶ
1512 544 1786 596 φρυγανώδης.

478 621 649 677 Duplex
670 622 796 665 estin
816 621 998 665 Scholiis
1016 622 1162 676 glossa
1178 621 1437 676 συρφετός,
1457 636 1641 678 quarum
1658 623 1791 673 hanc,

417 713 548 755 quam
580 700 710 743 etiam
742 700 864 743 Phot.
893 700 1097 752 servavit,
1117 701 1259 757 possis
1280 700 1442 744 referre
1464 701 1522 744 ad
1543 701 1784 755 Boethum,

417 781 598 823 alteram
637 770 779 823 Schol.
811 780 987 823 Theaet.
1025 781 1109 823 152
1141 779 1175 824 C
1206 795 1259 824 ex
1290 780 1506 837 Hesychia
1540 782 1784 824 desumtam

417 872 511 902 esse
543 862 762 915 putamus.

479 937 619 981 Schol.
662 938 722 980 Io.
764 938 854 980 530
895 938 933 980 A
973 938 1225 991 ῥάψῳδούς
1266 944 1372 993 φάσι
1408 939 1498 985 τοὺς
1531 940 1585 981 τοὶ
1615 940 1790 992 Ὀμήρου

419 1017 491 1065 ἔπη
531 1017 569 1058 ἐν
611 1021 689 1063 τοῖς
723 1017 891 1067 θεάτροις
925 1016 1288 1066 ἀπαγγέλλοντας.
1322 1019 1540 1066 ἐκλήθησοιν
1572 1018 1611 1059 δὲ
1643 1016 1787 1067 οὕτως,

417 1095 501 1137 ἐπεὶ
544 1093 711 1148 ῥάβδους
743 1093 985 1147 κατέχοντες
1017 1094 1210 1148 δάφνίνάς
1242 1095 1521 1146 ἀπήγγελλον.
1556 1095 1787 1148 ῥαψῳδῆσαι

418 1174 585 1225 λέγεται
616 1174 682 1216 καὶ
716 1175 760 1215 τὸ
791 1179 1046 1227 φλυωρῆσάι,
1081 1174 1104 1224 ἢ
1136 1174 1182 1217 τὸ
1213 1175 1352 1222 άπλῶς
1383 1180 1523 1217 λαλεῖν
1560 1176 1625 1216 καὶ
1648 1176 1789 1226 ἀπάγ-

421 1259 559 1304 γεῖλοιι
592 1254 710 1307 χωρὶς
744 1253 856 1305 ἔργου
889 1255 1004 1301 τινός.

480 1332 661 1375 Photius
704 1338 749 1375 et
790 1332 872 1374 lex.
915 1333 1022 1375 rhet.
1057 1332 1202 1387 :Bekk
1236 1332 1339 1385 300,
1375 1333 1402 1375 3
1434 1332 1706 1376 conveniunt.
1740 1332 1792 1375 cf.

425 1411 528 1452 Hes.
561 1410 823 1453 Schmidtius
857 1409 904 1460 Q.
936 1409 1036 1453 Hes.
1071 1424 1140 1465 pg.
1171 1422 1270 1453 xc11
1298 1410 1488 1465 glossam
1521 1410 1790 1464 Diogeniano

423 1488 586 1532 tribuit.

484 1567 624 1612 Schol.
672 1567 858 1624 Clitoph.
907 1568 996 1611 406
1029 1568 1067 1610 Α
1109 1568 1386 1621 sarmada·
1431 1568 1506 1615 τοὶς
1550 1568 1791 1622 φιλοσόφους

420 1647 610 1695 διαλέξεις
648 1648 856 1697 σημαίνει,
901 1647 967 1688 καὶ
1000 1647 1064 1688 τὸν
1096 1649 1214 1689 τόπον
1245 1648 1283 1688 ἐν
1315 1644 1344 1700 ᾧ
1375 1647 1471 1697 εἶσί,
1504 1648 1569 1688 κά)
1605 1647 1674 1695 τὴν
1706 1648 1793 1699 περὶ

420 1743 458 1769 τι
490 1728 638 1779 χρόνιον
675 1726 853 1769 διάθεσιν.

483 1805 648 1849 Similia
679 1804 835 1848 Suidas
866 1805 1002 1848 tradit
1033 1820 1067 1848 v,
1100 1805 1293 1856 διατριβή.

484 1884 626 1930 Schol.
658 1884 763 1939 Rep.
795 1883 843 1927 I:
877 1884 966 1928 340
999 1884 1037 1926 D
1067 1883 1373 1937 συκοφάντης
1401 1886 1567 1935 λέγετοιι
1595 1884 1612 1926 ὁ
1636 1884 1787 1936 ψευδῶς

422 1963 462 2006 τί
494 1979 592 2011 τινος
625 1968 875 2016 κατηγορῶν·
908 1964 1120 2014 κεκλῆσθαι
1152 1963 1184 2006 δ’
1210 1961 1307 2008 οὕτω
1335 1965 1427 2016 πάρ’
1455 1962 1670 2013 Ἀθηναίοις
1693 1965 1792 2016 πρῶ-

423 2061 487 2088 τον
514 2045 723 2097 εὑρεθέντος
751 2049 818 2088 τοῦ
846 2049 976 2100 φυτοῦ
1004 2052 1076 2096 τῆς
1106 2051 1248 2097 συκῆς,
1277 2045 1342 2088 καὶ
1360 2045 1423 2088 διά
1442 2049 1556 2088 τοῦτο
1572 2043 1794 2087 κωλυόντων

424 2124 581 2175 ἐξάγειν
625 2126 678 2166 τοὶ
721 2129 839 2169 σῦκά.
884 2130 958 2168 τῶν
990 2126 1027 2167 δὲ
1059 2125 1277 2179 φοιινόντων
1307 2125 1396 2171 τοὺς
1429 2123 1648 2175 ἐξάγοντας
1684 2139 1794 2166 συκο-

423 2209 585 2259 φαντῶν
618 2204 853 2260 κληθέντων,
888 2204 1032 2255 συνέβη
1067 2204 1132 2246 καὶ
1161 2205 1249 2252 τοὺς
1277 2206 1448 2248 ὁπωσοῦν
1477 2203 1793 2256 κατηγοροῦντάς

425 2300 534 2325 τινων
566 2283 933 2335 φιλαπεχθημόνως
966 2284 1061 2327 οὕτω
1094 2286 1460 2336 προσάγ;ρευθῆν.κι.

487 2362 666 2407 Photius
715 2363 913 2406 convenit
959 2378 992 2406 s.
1025 2377 1059 2406 v.
1097 2368 1370 2415 συκοφαντεῖν.
1422 2363 1617 2406 Paullum
1651 2361 1796 2406 differt

426 2445 504 2485 lex.
537 2441 643 2484 rhet.
676 2441 811 2485 Bekk.
845 2441 955 2489 304,
989 2442 1060 2486 30.

484 2522 587 2563 ibid.
620 2522 710 2563 111:
745 2522 831 2563 387
856 2521 889 2564 G
931 2521 1109 2573 ἐνέρους
1141 2522 1230 2569 τοὺς
1264 2523 1434 2573 νεκρούς,
1469 2522 1550 2563 άπὸ
1583 2525 1650 2564 τοῦ
1680 2524 1718 2564 ἐν
1744 2527 1793 2574 τῇ

426 2603 513 2657 ἔρςι,
548 2601 570 2644 δ’
598 2604 681 2645 ἐστι
712 2609 792 2654 γῇ,
826 2603 989 2644 κεῖσθαι.

486 2682 924 2739 Interpretamentum
958 2681 980 2725 δ’
1003 2682 1085 2725 ἐστι
1107 2688 1162 2736 γῇ
1176 2716 1186 2732 ,
1210 2696 1263 2725 ex
1285 2681 1386 2726 Hes.
1408 2681 1621 2726 intrusum
1637 2717 1646 2730 ,
1671 2681 1794 2726 deest

428 2760 546 2818 apud
579 2760 722 2814 Suid.,
755 2761 830 2817 qui
861 2761 975 2804 idem
1007 2760 1142 2805 habet
1176 2775 1209 2803 v.
1244 2762 1389 2815 ἐνέροις.
