2057 3375
969 271 1026 314 35

312 417 355 457 et
385 414 565 459 Photius
596 415 709 458 inter
741 428 787 457 se
818 414 1057 469 comparati
1090 413 1246 456 docent
1283 427 1380 455 eum
1419 412 1672 468 Aristopha-

310 509 408 537 nem
441 500 486 537 et
517 494 801 538 Menandrum
831 493 1028 549 inprimis
1059 493 1104 535 in
1136 492 1298 535 deliciis
1330 491 1554 540 habuisse,
1577 506 1673 548 per-

312 577 441 628 petuo
473 573 668 618 Platonis
701 573 888 616 studium
921 573 1193 616 coniunxisse
1225 587 1321 615 cum
1344 573 1486 615 studio
1508 572 1674 628 Thucy-

311 651 446 701 didis,
494 651 818 708 Xenophontis,
862 650 1183 701 Demosthenis,
1228 650 1462 694 Homerum
1503 664 1673 706 quoque

313 734 356 774 et
397 730 663 774 Herodotum
706 730 876 784 saepius
918 729 1151 780 laudasse3
1196 743 1377 784 quorum
1418 730 1675 773 testimoniis

313 810 635 854 observationes
670 823 770 853 suas
803 808 856 853 de
888 808 1072 856 dialecto
1104 809 1239 852 attica
1270 815 1402 865 atque
1433 809 1600 861 ionica,
1633 814 1676 853 et

316 890 369 932 de
402 890 620 932 nominum
654 889 882 944 generibus
911 887 1097 932 ornabat
1114 888 1472 944 illustrabatque;
1496 890 1676 932 curabat

312 973 544 1024 praeterea
575 971 802 1019 accentus3
821 953 890 1010 'de
923 967 1052 1010 variis
1082 968 1309 1011 verborum
1334 968 1557 1023 scripturis
1579 982 1674 1023 age-

312 1046 411 1098 bat3
456 1048 695 1090 adnotabat
737 1047 790 1089 de
834 1047 1045 1090 mensium
1085 1046 1353 1097 nominibus3
1387 1061 1499 1102 quae
1533 1048 1676 1089 omnia

313 1120 650 1182 quotiescunque
683 1126 800 1182 apud
833 1126 1033 1169 Photium
1061 1130 1104 1170 et
1131 1126 1403 1169 Eustathium
1427 1130 1674 1176 occurrunt,

315 1206 421 1248 satis
454 1204 740 1260 probabiliter
770 1205 827 1248 ad
861 1205 1112 1261 Dionysium
1142 1204 1399 1255 referuntur,
1423 1206 1674 1260 praesertim

316 1299 411 1328 cum
445 1288 624 1329 externa
655 1284 816 1329 indicia
847 1284 1082 1337 accedunt,
1114 1298 1149 1328 e.
1181 1299 1216 1328 c.
1243 1288 1405 1327 καλοῦσι
1431 1285 1496 1328 vel
1518 1286 1676 1336 λέγουσι

314 1368 357 1407 et
397 1367 446 1411 ὡς
486 1367 622 1416 ἡμεῖς,
659 1366 816 1420 quibus
859 1368 1137 1420 opponunt-ur
1178 1366 1210 1406 οἱ
1249 1365 1416 1407 παλαιοί
1450 1365 1513 1408 vel
1544 1366 1576 1408 οἱ
1609 1366 1676 1417 σξρ-

314 1448 445 1495 χοιῖοι,
491 1457 603 1498 quae
648 1443 778 1485 verba
809 1443 1005 1499 Dionysii
1036 1443 1224 1498 glossam
1257 1457 1350 1485 esse
1383 1447 1581 1499 arguunt.
1614 1444 1677 1487 Cf.

313 1521 469 1565 Naber.
501 1522 666 1577 Proleg.
699 1536 766 1577 pg.
801 1521 881 1572 25,
914 1522 994 1577 26,
1028 1521 1109 1577 33,
1143 1521 1224 1572 36,
1258 1522 1337 1572 37;
1372 1521 1574 1577 Goslings
1607 1538 1677 1578 pg.

314 1600 395 1652 283
439 1599 655 1643 Schwartz
698 1614 765 1655 pg.
809 1599 889 1653 383
924 1599 1177 1643 Eustathius
1222 1599 1331 1650 813,
1368 1599 1427 1641 44
1459 1605 1502 1642 et
1540 1601 1677 1652 1390,

314 1680 395 1731 50;
437 1680 682 1736 Boysenus,
727 1680 780 1722 de
812 1679 1171 1735 Harpocrationis
1203 1680 1329 1722 lexici
1361 1679 1574 1730 fontibus,
1609 1697 1675 1736 pg.

315 1758 397 1811 55,
429 1759 503 1814 qui
535 1772 622 1802 non
654 1758 832 1802 nimium
859 1757 1069 1801 formulae
1101 1757 1209 1800 κατὰ
1230 1758 1319 1805 τοὺς
1342 1760 1536 1806 wamiam
1560 1761 1674 1815 apud

315 1837 591 1881 Eustathium
635 1838 911 1881 tribuendum
954 1851 1046 1881 esse
1091 1843 1260 1890 monet,
1302 1842 1346 1880 et
1377 1838 1533 1882 certius
1566 1840 1678 1882 notis

316 1918 429 1971 παρὰ
450 1923 529 1965 τοῖς
552 1920 746 1965 Ἀττικοῖς
768 1917 837 1960 vel
852 1916 956 1966 λέξις
975 1917 1141 1966 Ἀττική
1159 1918 1340 1961 indicari
1359 1918 1593 1962 Atticistas.
1619 1945 1678 1951 —

315 1997 451 2049 Multo
495 1996 711 2040 difficilior
751 2010 821 2040 res
853 2001 940 2045 est,
973 1996 1047 2040 ubi
1079 1997 1220 2052 agitur
1252 1998 1303 2039 de
1335 1998 1426 2040 iure
1458 1999 1604 2041 Attico
1636 2005 1680 2041 et

317 2076 370 2120 de
412 2076 536 2120 festis
575 2076 861 2128 Graecorum;
905 2076 1156 2132 Dionysium
1195 2077 1246 2119 de
1279 2076 1345 2119 his
1379 2077 1536 2120 dixisse
1570 2077 1679 2121 Pho-

315 2156 420 2199 tium
453 2158 607 2199 testem
639 2154 872 2207 habemus3
900 2170 1046 2198 verum
1070 2155 1309 2199 Pausanias
1333 2170 1504 2212 quoque
1526 2158 1678 2200 eadem

315 2235 549 2277 tractanda
598 2234 681 2277 sibi
728 2239 968 2287 sumserat,
1010 2236 1125 2278 unde
1168 2235 1331 2278 factum
1374 2242 1463 2287 est,
1505 2242 1553 2279 ut
1593 2252 1679 2280 non

317 2327 488 2369 semper
528 2327 708 2369 prorsus
750 2317 941 2366 constet,
981 2314 1069 2357 utri
1110 2314 1220 2356 haec
1261 2315 1387 2357 illave
1430 2316 1576 2370 glossa
1607 2318 1678 2358 tri-

316 2392 490 2436 buenda
522 2392 587 2435 sit.
650 2391 781 2436 Cuius
812 2393 875 2437 rei
906 2393 1169 2437 luculentum
1202 2395 1444 2450 exemplum
1468 2395 1677 2439 habemus

316 2472 361 2515 in
402 2470 560 2515 Lexico
602 2471 817 2516 rhetorico
859 2472 1044 2516 Bekkeri
1076 2472 1315 2530 (Anecdota
1346 2473 1513 2518 Graeca
1544 2475 1575 2517 I.
1611 2491 1678 2531 pg.

324 2553 404 2596 197
454 2554 603 2607 seqq.).
666 2552 952 2596 Continentur
994 2553 1075 2597 hoc
1117 2554 1254 2596 lexico
1299 2559 1472 2609 praeter
1513 2556 1681 2610 glossas

320 2630 657 2686 Diogenianea8‚
687 2631 740 2673 de
763 2631 919 2686 quibus
942 2645 1090 2674 omnes
1112 2632 1408 2683 consentiunt,
1433 2633 1545 2676 aliae
1568 2649 1679 2677 com-

319 2711 487 2766 plures,
532 2724 643 2765 quae
681 2710 839 2765 partim
878 2717 995 2754 certe
1027 2711 1266 2755 Pausaniae
1298 2713 1553 2757 tribuendae
1585 2729 1681 2758 esse

1504 2793 1548 2825 3*
