2057 3375
913 311 972 353 45

262 450 400 495 Schol.
456 452 567 508 Epp.
614 451 759 495 XIII:
800 452 888 495 363
923 453 955 493 A
995 451 1163 504 ἁμοργίς
1193 452 1239 506 1).
1304 452 1431 496 Haud
1465 457 1624 496 temere

264 545 436 586 quoque
484 546 558 574 sex
604 532 842 586 glossarum
891 531 1016 585 (ἄρτι,
1065 531 1178 584 δόξα,
1222 532 1374 586 πέλας,
1419 533 1625 575 Ἀπόλλων

262 611 438 665 πατρῷος
457 644 468 662 ,
525 611 826 665 νευρορράφους,
883 610 1098 668 ἐξηγητής)
1118 645 1127 663 ,
1184 626 1295 667 quae
1347 613 1391 655 in
1445 611 1625 656 Scholiis

263 695 309 732 et
352 689 395 732 in
439 689 594 733 Lexico
634 690 848 732 rhetorico
879 689 1064 733 Bekkeri
1097 691 1256 733 similes
1286 690 1505 746 leguntur,
1539 704 1626 733 una

264 775 394 825 atque
437 771 575 814 altera
617 771 657 813 ei
700 771 830 813 tribui
874 770 1024 825 possit.
1097 771 1353 826 Diogeniani
1391 776 1507 814 certe
1541 785 1625 814 non

263 853 388 906 sunt,
437 849 539 905 quia
585 847 824 906 Hesychius
878 847 1050 901 differt3
1103 862 1241 905 neque
1290 848 1483 906 Dionysii
1532 862 1625 893 esse

266 929 481 981 videntur,
530 929 690 984 quippe
733 943 819 971 non
861 929 905 970 in
948 929 1056 971 serie
1098 935 1396 984 occurrentes,
1439 943 1569 983 quam
1602 943 1625 971 e

264 1008 468 1064 Dionysio
512 1007 689 1063 petitam
723 1022 816 1050 esse
851 1006 1071 1050 contendit
1100 1007 1335 1064 Boysenus.
1387 1006 1465 1051 Cui
1498 1008 1627 1064 igitur

262 1085 529 1142 probabilius
573 1086 801 1129 reddemus
845 1100 975 1142 quam
1019 1085 1290 1129 Pausaniae?
1339 1086 1435 1130 Non
1480 1092 1625 1131 autem

262 1180 340 1222 per
360 1166 572 1209 Boethum
593 1167 636 1208 in
662 1165 834 1209 Scholia
855 1166 1080 1208 transiisse
1098 1167 1322 1209 verisimile
1340 1172 1406 1209 est
1425 1172 1623 1223 propter-

263 1260 316 1288 ea
348 1246 464 1301 quod
497 1246 614 1301 apud
646 1245 845 1288 Photium
880 1246 1055 1296 desunt3
1088 1246 1157 1287 vix
1190 1246 1303 1288 enim
1335 1246 1540 1290 credibile
1558 1250 1627 1290 est

262 1325 454 1381 glossas,
498 1340 606 1381 quas
649 1325 715 1368 bis
754 1325 907 1380 legerit
937 1313 1139 1376 Photius,
1171 1328 1215 1367 et
1245 1326 1289 1367 in
1320 1325 1476 1369 Boethi
1507 1331 1551 1369 et
1582 1326 1626 1368 in

264 1404 489 1447 Atticistae
532 1404 692 1454 lexico,
737 1404 853 1459 apud
896 1418 993 1447 eum
1025 1404 1228 1458 periisse3
1262 1404 1396 1447 multo
1429 1410 1627 1460 praestat

264 1483 439 1525 credere
473 1488 550 1525 aut
581 1483 661 1525 has
693 1483 859 1537 glossas
892 1496 919 1525 a
951 1481 1192 1525 Scholiasta
1220 1497 1271 1525 ex
1294 1483 1388 1538 ipso
1409 1484 1625 1531 rhetorico

262 1562 400 1604 lexico
434 1561 676 1605 Pausaniae
710 1562 792 1615 (vel
824 1561 1040 1617 Dionysii,
1071 1562 1281 1604 incertum
1303 1562 1437 1617 enim)
1460 1563 1625 1605 desum-

262 1646 331 1682 tas
374 1654 469 1683 esse
512 1665 570 1671 —
612 1654 712 1682 nam
754 1639 967 1695 ampliora
1009 1640 1118 1682 haec
1157 1640 1297 1682 lexica
1328 1640 1460 1683 fuisse
1494 1655 1622 1696 quam

263 1718 389 1761 hodie
438 1732 492 1760 ex
533 1718 686 1761 Photio
732 1732 1041 1774 auguraremur
1084 1718 1255 1774 saepius
1298 1719 1423 1762 docet
1470 1720 1627 1762 Eusta-

265 1796 381 1839 thius
423 1822 482 1828 —
521 1801 596 1840 aut
637 1811 690 1840 ex
729 1797 814 1839 alio
846 1796 985 1846 fonte,
1019 1811 1146 1851 quem
1176 1797 1446 1852 ignoramus,
1479 1812 1628 1853 prove-

262 1891 390 1920 nisse.

323 1955 504 1998 Praeter
550 1956 740 2011 glossas,
788 1970 898 2010 quas
946 1956 1033 1998 iam
1080 1956 1301 2007 recensui,
1348 1957 1393 1998 in
1445 1956 1628 1999 Scholiis

264 2034 394 2078 hasce
435 2035 595 2086 inveni,
629 2049 811 2091 quarum
845 2039 995 2078 auctor
1029 2035 1255 2092 Dionysius
1289 2036 1352 2078 vel
1385 2036 1626 2079 Pausanias

265 2127 359 2156 esse
391 2113 572 2157 videtur.

326 2193 464 2237 Schol.
513 2193 751 2250 Euthyphr.
795 2195 824 2236 4
868 2193 901 2237 C
947 2193 1062 2245 ἐξηγ
1073 2198 1185 2244 nro&
1200 2208 1209 2217 ·
1252 2199 1320 2237 τοῦ
1362 2195 1451 2243 τοὺς
1493 2194 1629 2247 νόμους

263 2271 532 2323 ἐξηγουμένου.

325 2351 533 2395 Convenit
562 2352 644 2395 lex.
677 2352 783 2395 rhet.
816 2352 948 2395 Bekk.
982 2351 1095 2403 252,
1127 2352 1178 2394 4:
1211 2351 1477 2403 ἐξηγητής·
1502 2353 1519 2395 5
1540 2354 1629 2400 τοὺς

309 2583 346 2626 1)
371 2583 514 2616 Glossae
536 2581 711 2613 κολλόπων
735 2584 770 2614 et
793 2580 952 2612 ταλασίας
978 2579 1111 2624 (Schol.
1136 2580 1239 2624 Legg.
1273 2580 1355 2613 VII:
1380 2580 1447 2614 805
1462 2581 1523 2624 E),
1541 2592 1629 2624 quas

267 2646 444 2679 Mettauer
472 2655 527 2689 pg.
558 2643 604 2677 93
634 2643 831 2676 Pausaniae
862 2643 1042 2675 vindicare
1065 2643 1215 2685 mavult,
1241 2643 1329 2675 mihi
1353 2653 1395 2676 ex
1420 2643 1630 2687 Diogeniani

265 2712 309 2754 (s.
334 2710 516 2754 Hesychii)
540 2708 651 2741 lexico
676 2708 808 2750 petitae
831 2717 908 2740 esse
931 2707 1106 2739 videntur.
1140 2707 1243 2740 Illam
1267 2717 1374 2749 supra
1398 2718 1453 2750 pg.
1478 2707 1517 2740 11
1537 2709 1632 2740 inter

266 2776 398 2819 glossas
424 2774 680 2817 Diogenianeas
705 2772 829 2814 retuli;
858 2772 901 2804 de
924 2772 991 2804 hac
1014 2782 1112 2804 nunc
1138 2781 1272 2803 moneo.
