2057 3375
1041 291 1099 336 34

379 447 449 488 pg.
483 432 540 476 28
573 446 713 488 seqq.;
747 447 860 489 quae
893 436 1037 476 autem
1071 446 1124 476 ex
1151 427 1297 476 eorum
1320 432 1527 490 operibus
1549 433 1593 476 in
1617 433 1753 478 Scho-

377 511 446 555 liis
488 516 742 567 supersunt,
780 512 825 554 in
857 512 910 555 iis
943 512 1125 568 vestigia
1155 512 1528 568 interpretationis
1563 513 1753 557 Platoni-

378 604 456 633 cae
473 604 652 647 prorsus
670 591 821 633 deesse
840 594 954 633 recte
973 591 1219 634 observavit
1235 592 1505 635 Mettauerus
1517 593 1574 635 l.1.
1595 607 1663 648 pg.
1682 593 1752 635 93.

377 669 532 725 Itaque
565 669 618 712 de
649 668 768 712 hisce
802 682 950 712 eorum
984 669 1140 713 studiis
1174 669 1317 714 dicere
1351 685 1436 713 non
1464 685 1643 715 necesse
1666 676 1753 733 est3

378 749 529 803 paucis
572 752 718 790 tamen
761 748 815 790 de
858 748 1060 790 universa
1091 749 1261 791 ratione
1294 754 1427 804 atque
1458 753 1617 792 natura
1647 750 1754 792 lexi-

379 842 539 878 corum,
558 841 672 883 quae
696 831 1052 882 composuerunt,
1076 827 1393 871 disserendum.
1424 828 1592 872 Aeliani
1610 829 1752 885 operis

380 907 571 950 indolem
605 912 649 949 et
680 906 998 961 praestantiam
1031 907 1098 949 his
1131 906 1272 950 verbis
1304 907 1483 951 Photius
1516 908 1561 950 in
1594 908 1753 951 Biblio-

376 986 531 1029 thecae
575 984 734 1029 Codice
783 985 868 1028 152
907 985 1035 1029 nobis
1068 986 1288 1030 declarat:
1329 987 1633 1041 χρησιμώτατος
1666 988 1705 1030 δὲ
1736 989 1754 1030 ὂ

382 1066 495 1112 πόνος
527 1063 637 1112 οὗτος
669 1070 748 1112 τοῖς
781 1082 826 1107 τε
857 1064 1069 1118 ἀττικίζειν
1101 1066 1236 1118 ἔχουσι
1268 1066 1456 1118 Φροντίδα
1489 1067 1555 1108 καὶ
1581 1072 1662 1115 τοῖς
1679 1071 1753 1109 τῶν

383 1145 555 1187 αττικῶν
597 1144 935 1196 συγγραμμάτων
976 1146 1167 1195 ἐνομιλεῖν
1209 1145 1515 1198 προαιρουμένοις
1529 1161 1539 1171 ·
1583 1144 1670 1188 ὅσαι
1707 1163 1753 1189 τε

382 1226 464 1277 γὰρ
496 1223 794 1278 ἐπιχωριάζουσι
827 1223 953 1274 λέξεις
986 1229 1066 1271 τοῖς
1099 1224 1313 1273 Ἀθηναίοις
1345 1223 1435 1276 περί
1457 1241 1502 1267 τε
1523 1225 1598 1271 τὰς
1620 1225 1752 1277 ἑορτὰς

380 1305 453 1348 καὶ
487 1305 562 1353 τὰς
595 1304 705 1352 δίκας
739 1304 910 1348 ἐντεῦθέν
942 1305 1047 1348 ἐστιν
1079 1305 1285 1356 ἐκμαθεῖν·
1316 1304 1383 1348 καὶ
1417 1303 1454 1347 εἴ
1480 1321 1518 1348 τι
1550 1303 1652 1348 ἄλλο
1673 1305 1754 1348 ίδιο-

381 1385 532 1436 τρόπως
565 1386 699 1430 αὐτοῖς
731 1384 922 1434 λέγεται,
955 1385 997 1426 οὐ
1030 1385 1215 1436 χαλεπὸν
1246 1385 1387 1436 εὑρεῖν·
1427 1384 1595 1433 μάλιστ’
1630 1384 1667 1426 εἴ
1693 1401 1753 1430 τις

379 1464 436 1514 μη
467 1463 557 1510 τοὺς
590 1468 661 1512 τῆς
694 1462 849 1514 πρώτης
882 1462 1063 1509 ἐκδόσεως
1095 1461 1210 1514 μόνον
1232 1461 1373 1513 τόμους
1396 1462 1616 1516 διερευνοίη,
1639 1462 1752 1506 ἄλλα

380 1542 447 1585 καὶ
491 1548 562 1591 τῆς
601 1542 783 1594 δευτέρας
825 1542 1008 1588 ἐκδόσεως
1040 1541 1107 1583 καὶ
1139 1541 1282 1588 αὐτοὺς
1314 1541 1431 1584 πέντε
1464 1541 1605 1591 τόμους
1636 1540 1750 1588 ὄντας

378 1621 446 1665 καὶ
488 1621 570 1665 ozor&
602 1624 671 1664 τοῦ
705 1637 733 1663 α
764 1620 885 1674 μεχρῖ
919 1623 988 1663 τοῦ
1020 1638 1047 1662 ω
1080 1619 1155 1668 τοὶς
1187 1619 1357 1667 aira-moze
1390 1619 1516 1670 λέξεις
1549 1620 1750 1674 περιέχον-

379 1716 479 1749 τας,
524 1698 611 1742 ὅσαι
653 1716 699 1742 τε
739 1706 789 1753 τῇ
833 1700 998 1752 προτέρα
1039 1700 1082 1741 οὐ
1123 1700 1526 1753 συμπεριελήφθησαν
1568 1700 1590 1747 ἢ
1623 1715 1750 1746 περιε-

378 1781 589 1835 λήφθησαν
621 1780 693 1830 μὲν
725 1778 958 1833 μαρτυρίαις
990 1778 1030 1821 δὲ
1060 1783 1152 1826 ταῖς
1186 1778 1319 1826 οὔσαις
1341 1780 1408 1822 οὐκ
1433 1778 1749 1830 ἐβεβαιώθησαν·

378 1862 416 1903 ἐν
457 1859 538 1911 γὰρ
579 1865 629 1913 τῇ
667 1859 827 1913 δευτέρα
859 1858 1004 1902 ἐκδόσει
1036 1858 1282 1912 πλατύτερον
1313 1861 1379 1901 καὶ
1412 1858 1674 1912 ἀφθονώτερον
1708 1859 1750 1901 αἱ

378 1940 588 1993 μαρτυρίαι
631 1939 956 1991 παρατέθεινται·
1000 1936 1049 1981 ὧν
1090 1936 1127 1980 εἴ
1166 1954 1225 1985 τις
1259 1937 1333 1985 τας
1366 1937 1429 1980 δύο
1461 1939 1751 1991 πραγματείας

378 2020 432 2067 εἷς
464 2016 503 2062 ἓν
535 2020 757 2070 σύνταγμα
787 2022 1037 2069 συναγαγεῖν
1075 2017 1282 2070 βουληθείη
1313 2016 1602 2070 χρησιμώτερόν
1630 2034 1675 2060 τε
1706 2020 1763 2060 τὸ.

377 2098 665 2153 Φιλοτὲχνημα
696 2096 892 2148 ἀποδείξει
914 2097 980 2139 καὶ
1003 2097 1113 2148 μετα
1142 2097 1334 2151 ῥᾳστώνης
1357 2097 1569 2141 ἐκτελέσει.
1604 2096 1751 2139 Multis

378 2178 510 2235 igitur
552 2177 814 2233 scriptorum
848 2180 1036 2220 veterum
1070 2176 1326 2219 testimoniis
1360 2176 1561 2219 utebatur
1592 2176 1753 2232 Diony-

383 2258 472 2301 sius
495 2257 551 2301 ad
574 2270 650 2308 ea,
673 2270 786 2312 quae
809 2255 1133 2307 observaverat,
1154 2255 1424 2299 illustranda.
1444 2254 1699 2299 Eustathius
1721 2255 1753 2309 ¹)

414 2430 452 2474 1)
465 2429 676 2463 Eustathius
690 2429 884 2471 Episcopus
898 2421 1225 2462 Thessalonicensis
1239 2428 1380 2461 saeculo
1395 2427 1600 2460 duodecimo
1612 2428 1754 2469 scripsit

378 2495 604 2537 Παρεκβολὲς
629 2494 675 2532 εἰς
700 2493 760 2531 τὴν
785 2492 930 2534 Ὁμήρου
956 2492 1090 2526 Ἰλιάδα
1114 2493 1172 2526 καῖ
1192 2492 1404 2525 Ὀδυσσείαν.
1439 2493 1480 2525 Ιῃ
1499 2493 1554 2524 his
1572 2502 1753 2525 commen-

379 2561 480 2593 tariis
505 2558 771 2592 conscribendis
796 2561 935 2600 praeter
958 2558 1110 2591 aliorum
1133 2568 1239 2600 opera
1263 2558 1470 2599 frequenter
1486 2556 1576 2588 Aelii
1594 2556 1753 2599 Dionysii

379 2628 415 2657 et
439 2622 637 2656 Pausaniae
660 2621 783 2654 lexicis
807 2631 895 2654 usus
919 2625 989 2663 est,
1017 2631 1171 2664 quorum
1195 2621 1342 2653 nomina
1366 2621 1403 2653 in
1429 2620 1509 2652 aliis
1532 2620 1658 2662 glossis
1675 2620 1753 2652 lau-

379 2689 457 2729 dat,
489 2688 525 2719 in
557 2686 637 2719 aliis
663 2689 766 2719 tacet.
803 2685 988 2719 Conseusu
1012 2689 1133 2718 autem
1157 2685 1275 2718 Photii
1300 2688 1335 2718 et
1359 2683 1537 2717 Eustathii
1561 2684 1669 2716 etiam
1694 2693 1755 2716 eae

379 2752 532 2795 glossae,
552 2750 613 2782 ubi
628 2749 783 2782 auctoris
796 2759 927 2781 nomen
941 2750 1068 2781 celavit
1082 2750 1289 2791 Episcopus,
1308 2749 1409 2781 facile
1426 2747 1753 2789 deprehenduntur.
