2057 3375
1033 324 1090 365 74

375 461 540 504 Similia
571 465 701 517 atque
734 461 978 505 Scholiasta
1010 462 1141 505 habet
1175 462 1359 519 Etymol.
1379 462 1433 506 M.
1470 463 1569 519 167,
1595 463 1667 505 43.
1691 462 1743 505 cf.

373 541 649 584 Eustathium
682 541 737 584 ad
769 540 890 584 Iliad.
920 541 1001 583 148
1026 545 1159 591 extr.,
1192 556 1305 597 quae
1328 541 1488 586 referat
1519 543 1629 585 κατὰ
1651 542 1740 589 τοὺς

374 621 584 667 ποιλοιίους.
617 620 725 663 Vide
764 635 936 676 quoque
970 621 1128 664 Naber.
1162 622 1329 675 Proleg.
1360 637 1428 677 pg.
1463 624 1532 664 36.
1566 623 1744 664 Demos-

372 699 513 742 thenis
546 699 666 743 locus
700 701 968 744 emendatior
1001 701 1243 757 legitur-‘de
1275 700 1389 744 falsa
1424 701 1552 757 legat.
1592 704 1618 756 ξ
1644 701 1744 743 304.

373 779 644 821 Pherecratis
668 793 869 821 versuum
891 780 1098 834 reliquias
1121 794 1207 822 non
1230 781 1340 822 male
1363 780 1577 822 Meinekio
1599 780 1744 821 iudice

373 857 489 900 Com.
524 858 576 900 ΙΙ.
601 858 687 900 339
710 858 773 900 ita
796 858 977 913 digessit
999 858 1260 901 Runkelius:
1288 863 1392 910 ,σοῖς
1417 859 1509 902 δέκα
1531 859 1744 905 τοολοὶντοις

372 935 585 988 προστιθεὶς
614 933 621 995 Ι
648 936 744 979 ἄλλ’
793 934 904 979 ἄττοο
949 935 1230 986 πεντήκοντα.”
1276 936 1580 993 Aristophanis
1624 936 1744 979 locus

372 1020 438 1056 est
480 1014 588 1057 Nub.
633 1016 732 1057 630.
795 1015 860 1057 De
908 1015 1076 1058 duobus
1119 1016 1281 1058 ultimis
1320 1016 1512 1058 versibus
1555 1015 1609 1058 cf.
1644 1016 1743 1057 Din-

373 1092 480 1135 dorf.
525 1094 579 1136 ad
613 1094 832 1149 Aristoph.
867 1093 917 1136 fr.
957 1093 1057 1136 499.
1106 1093 1340 1148 Aptissime
1381 1093 1608 1137 conferunt
1647 1107 1744 1136 cum

375 1172 520 1226 priore
553 1173 706 1214 horum
741 1187 941 1214 versuum
974 1173 1143 1214 initium
1175 1172 1743 1232 Thesmophoriazusarum:

364 1250 433 1293 ρ’.0,
479 1255 579 1303 Ζεῦ,
622 1251 789 1303 χελιδὼν
831 1246 909 1304 ἆρά
948 1266 1043 1293 ποτε
1087 1252 1340 1304 <Damasi-0⁶13
1385 1250 1438 1293 cf.
1469 1250 1651 1306 Interpr.
1686 1249 1744 1292 ad

373 1331 634 1385 Harpocrat.
667 1332 693 1373 i.
716 1346 751 1373 v.

435 1408 576 1453 Schol.
608 1409 773 1453 Politia.
807 1410 892 1453 307
912 1409 945 1454 C
977 1409 1221 1462 βλοικικοέ·
1255 1409 1391 1461 εὐήθη,
1426 1409 1742 1464 μωροέ,οὶνοήτοο,

370 1489 450 1530 ἀπὸ
492 1490 625 1540 ἰχθύος
667 1489 908 1537 καλουμένου
938 1490 1113 1538 βλοοκός,
1159 1491 1285 1539 ὁμοίου
1314 1490 1495 1541 σιλούρῳ,
1540 1490 1743 1540 οέχρήστου

370 1571 549 1610 τοσοῦτον
590 1569 639 1614 ὡς
681 1567 779 1618 μηδὲ
821 1568 902 1611 κυνὶ
945 1568 1139 1621 βρώσιμον
1181 1566 1291 1611 εἶναι.
1332 1569 1364 1610 οἱ
1408 1568 1447 1609 δὲ
1489 1567 1571 1610 aim&
1603 1571 1670 1610 τοῦ
1703 1567 1742 1608 ἐν

370 1648 487 1702 Κύμῃ
520 1648 684 1701 χωρίου,
716 1654 786 1697 τῆς
820 1647 1028 1695 Βλοοκειόις.

431 1728 646 1784 Integrius
669 1729 850 1771 servavit
871 1728 979 1772 haec
1003 1727 1182 1771 Suidas:
1210 1729 1404 1779 βλᾶκα·
1434 1728 1652 1779 οιῖτιοιτική,
1676 1728 1742 1770 τὸν

370 1809 481 1858 εὐήθη
509 1807 576 1850 nx}
604 1808 775 1858 οὶνόητον.
799 1807 945 1861 εἴρητοιι
973 1808 1012 1850 δὲ
1038 1808 1118 1850 oin-b
1149 1808 1280 1861 ἰχθύος
1299 1808 1397 1855 τινὸς
1414 1808 1541 1858 ὁμοίου
1558 1807 1738 1860 σιλούρῳ,

369 1889 573 1940 ἀχρήστου
605 1888 643 1928 δὲ
675 1886 794 1933 οὕτως
826 1889 874 1934 ὡς
907 1888 1005 1936 μηδὲ
1036 1888 1134 1929 κύνοο
1167 1890 1273 1939 αὐτῷ
1306 1888 1488 1939 χρῆσθαι.
1529 1888 1739 1933 Πολιτείας

370 1966 428 2009 δ’·
472 1966 668 2017 βλοοκικόν
700 1984 744 2009 τε
778 1966 876 2022 (leg.
910 1968 975 2021 γε)
1009 1968 1115 2017 ἡμῶν
1147 1967 1191 2009 τὸ
1224 1966 1359 2013 πάθος.
1392 1968 1440 2013 ὡς
1473 1967 1504 2009 εἶ
1537 1966 1644 2016 λέγοι
1677 1982 1736 2013 τις

370 2047 622 2098 πνευμονίοιν,
656 2046 736 2088 aim&
768 2050 835 2088 τοῦ
868 2046 1083 2087 θοολοοττίου
1115 2044 1207 2099 ζῴου
1241 2045 1345 2092 ὄντος
1376 2046 1621 2094 ἄνκισθήτου.
1646 2043 1679 2087 οἳ
1700 2045 1739 2086 δὲ

368 2126 449 2167 οέπὸ
490 2130 559 2168 τοῦ
603 2126 694 2178 πρὸς
732 2133 781 2179 τῇ
814 2126 931 2179 Κύμῃ
963 2125 1128 2177 χωρίου,
1162 2130 1233 2173 τῆς
1267 2125 1487 2176 Βλοικείοος,
1519 2122 1562 2166 οὗ
1593 2140 1739 2174 μνημο-

369 2204 465 2247 νεύει
512 2205 577 2247 κοοὶ
627 2206 914 2257 Ἀριστοτέλης.
961 2204 1026 2247 καὶ
1071 2205 1107 2246 ἐν
1150 2202 1427 2257 Ἀλεξανδρείᾳ
1469 2203 1507 2245 δὲ
1559 2203 1670 2250 τέλος
1703 2220 1740 2245 τι

368 2284 672 2336 βλακεννόμιον,
708 2283 725 2327 ὃ
758 2286 789 2327 οἱ
821 2285 1054 2338 ἀστρολόγοι
1087 2288 1262 2334 τελοῦσι,
1298 2283 1361 2326 διὰ
1392 2285 1436 2325 τὸ
1467 2284 1557 2330 τοὺς
1590 2283 1737 2335 μωροὺς

368 2364 521 2406 εἷσιένοοι
557 2366 648 2417 πρὸς
681 2364 838 2411 αὐτούς.

429 2444 629 2488 Glossam
677 2443 947 2487 Platonicam
994 2443 1159 2487 Boetho
1213 2443 1306 2486 iure
1352 2442 1504 2485 tribuit
1550 2440 1740 2485 Cobetus

368 2524 523 2567 Mnem.
567 2523 640 2566 IX.
682 2538 723 2579 p.
755 2524 856 2566 431.
906 2522 1119 2566 Boethum
1153 2522 1352 2566 adhibuit
1384 2521 1589 2571 Photius,
1622 2521 1737 2563 unde

370 2603 526 2646 Suidas
559 2604 746 2659 glossam
782 2604 975 2658 accepit,
1009 2604 1125 2658 quod
1158 2602 1430 2646 confirmabit
1462 2601 1645 2657 Etymol.
1681 2600 1736 2642 M.

375 2683 482 2736 199,
516 2682 567 2734 5,
599 2683 674 2737 qui
707 2683 859 2725 eadem
892 2687 1024 2738 atque
1058 2682 1213 2725 Suidas
1245 2681 1379 2724 tradit
1409 2694 1462 2723 ex
1482 2680 1620 2723 lexico
1642 2680 1739 2722 rhe-

368 2764 526 2810 torico:
573 2765 625 2810 εἰς
670 2762 709 2807 δὲ
751 2763 794 2804 τὸ
841 2761 991 2814 λεξικὸν
1025 2763 1067 2805 τὸ
1100 2761 1289 2819 ῥητορικὸν
1323 2758 1426 2816 εὗρον
1460 2761 1537 2813 ἐγὼ
1571 2759 1742 2816 εἰρῆσθαι
