2057 3375
889 313 947 356 55

229 454 377 498 retulit
418 453 716 498 Sehwartzius.
759 453 813 498 ef.
858 453 957 497 Lex.
1002 454 1111 497 rhet.
1152 452 1286 496 Bekk.
1328 453 1440 505 313,
1474 453 1501 496 3
1534 452 1598 507 (et

234 534 342 585 194,
385 535 443 589 6).
506 532 663 590 Phryn.
703 532 793 577 Ecl.
826 549 869 589 p.
903 533 972 576 84.
1006 533 1184 576 Praeter
1217 531 1519 576 Demosthenis
1551 533 1596 574 in

228 611 395 666 Aphob.
427 616 454 667 ξ
489 613 544 655 12
576 616 620 655 et
649 612 805 668 Lysiae
836 613 1086 656 testimonia
1117 612 1237 655 aliud
1269 626 1322 655 ex
1347 611 1479 667 Lysia
1503 625 1594 654 ser-

229 690 343 733 vavit
381 690 559 734 Suidas:
602 689 669 733 καὶ
712 693 865 738 Λυσίας
908 692 947 734 ἕν
989 693 1044 744 τῷ
1089 692 1181 743 πρὸς
1225 691 1429 734 Κλεινίαν·
1464 690 1595 738 ἐπειδὴ

229 768 378 816 πάντες
408 770 662 820 κατέδαρθον,
695 770 978 819 ἐσκευασμένος
1012 774 1087 811 τῶν
1113 770 1400 822 χαλκωμάτων
1426 767 1501 810 δ’σα
1522 765 1596 815 οἷός

228 845 312 898 τ’ἦν
357 852 556 901 πλεῖστα,
604 847 678 891 ὑπὸ
726 848 861 898 μάλης
906 848 1044 899 λαβὼν
1086 847 1269 900 ἐξήγαγε
1316 846 1432 901 ξίφος
1475 847 1593 901 ἔχων.

229 927 314 970 Pro
366 927 490 978 κόμην
542 927 589 970 in
639 927 796 984 Lysiae
841 926 937 971 loeo
983 926 1113 979 κόρρην
1163 926 1392 983 legendum
1437 925 1597 971 conicit

232 1005 464 1051 Schwartz.
528 1005 673 1051 Verba
715 1005 876 1051 Scholii
912 1006 957 1050 τὸ
988 1007 1119 1058 μέντοι
1155 1006 1228 1049 ὑπὸ
1258 1006 1339 1050 κτὲ.
1370 1019 1506 1062 usque
1538 1005 1594 1049 ad

227 1084 356 1129 finem
387 1086 581 1142 ineptum
613 1086 734 1129 scioli
767 1085 1113 1129 additamentum
1145 1092 1259 1128 sunt.

287 1164 389 1209 ibid.
431 1164 521 1208 508
563 1164 601 1207 D
644 1164 722 1207 ἐπὶ
766 1163 952 1218 κόρρης·
994 1165 1058 1208 ἐπὶ
1101 1169 1286 1218 κεφαλῆς
1326 1164 1348 1215 ἢ
1392 1164 1536 1215 γνάθου
1570 1165 1592 1214 ἢ

228 1243 437 1298 κροτάφου.
469 1244 599 1297 κόρρην
629 1244 709 1296 γὰρ
739 1244 805 1286 καὶ
839 1242 974 1297 κόρσην
1006 1245 1077 1293 την
1108 1241 1199 1293 δ’λην
1231 1248 1413 1295 κεφαλὴν
1440 1244 1510 1286 σὺν
1540 1245 1594 1297 τῷ

228 1323 368 1376 αὐχένι
410 1322 586 1373 λέγουσι.
628 1323 728 1369 τινὲς
771 1322 810 1364 δὲ
852 1322 920 1364 καὶ
963 1321 1150 1376 ράπισμά
1190 1328 1294 1375 φασι
1337 1322 1381 1364 τὸ
1424 1322 1489 1364 ἐπὶ
1522 1328 1593 1371 τῆς

228 1400 373 1453 γνάθου
405 1401 655 1454 λαμβάνειν,
690 1401 911 1453 ἁπτόμενον
943 1401 1010 1445 καὶ
1043 1405 1111 1445 τοῦ
1148 1401 1359 1457 κροτάφου.

292 1481 485 1538 Dionysii
536 1481 877 1524 observationem
930 1495 1009 1536 per
1060 1480 1274 1524 Boethum
1325 1481 1371 1523 in
1416 1480 1592 1524 Scholia

229 1561 395 1605 venisse
412 1560 629 1612 existimo,
647 1560 751 1616 quia
769 1559 946 1614 Suidas,
962 1560 1131 1605 lexicon
1145 1560 1434 1617 Bachmanni,
1456 1559 1593 1617 Etym.

229 1639 286 1684 M.
340 1639 495 1684 iisdem
549 1639 690 1683 verbis
748 1644 996 1691 servarunt,
1052 1654 1150 1684 cum
1197 1639 1473 1693 Eustathius,
1521 1639 1597 1696 qui

229 1721 373 1775 ipsum
393 1720 646 1775 Dionysium
668 1720 912 1775 expilabat,
935 1720 1175 1775 paullisper
1194 1720 1431 1763 immutatis
1452 1720 1594 1763 verbis

230 1802 379 1842 utatur
420 1812 461 1854 p.
505 1797 615 1851 947,
658 1798 738 1842 26:
781 1799 830 1841 ‘H
861 1798 901 1841 δὲ
931 1798 1045 1852 κόρση
1077 1796 1135 1842 ὅτι
1166 1798 1233 1842 καὶ
1265 1798 1371 1852 κόρρη
1403 1799 1596 1850 λέγεται,

229 1879 368 1926 ἱκανῶς
410 1878 605 1930 ἔγνωσται
647 1878 862 1931 ἀλλαχοῦ·
908 1879 984 1931 ἀφ’
1026 1876 1070 1920 οὗ
1113 1878 1182 1920 καὶ
1224 1879 1334 1920 κατὰ
1365 1878 1496 1931 κόρρης
1528 1877 1593 1920 καὶ

230 1958 305 2000 ἐπὶ
324 1957 452 2010 κόρρης
479 1957 517 2000 δὲ
544 1956 654 2000 κατὰ
681 1956 813 1999 Αἴλιον
841 1957 1036 1999 Διονύσιον
1062 1958 1202 2007 πληγὴ
1223 1957 1346 2010 τυχὸν
1368 1957 1390 2007 ἢ
1412 1956 1596 2011 ῥάπισμα

228 2037 396 2090 λέγεται
439 2036 483 2080 τὸ
525 2036 579 2085 εἷς
623 2036 792 2088 σιαγόνα
835 2035 903 2079 καὶ
945 2035 1153 2091 κρόταφον.
1196 2036 1326 2089 κόρρην
1369 2037 1431 2087 δέ,
1468 2040 1592 2091 φησι,

229 2120 296 2160 καὶ
329 2117 465 2169 κόρσην
487 2117 657 2159 Ἀττικοὶ
680 2117 751 2165 τὴν
771 2115 863 2165 ὅλην
885 2118 1069 2170 κεφαλὴν
1091 2116 1162 2158 σὺν
1183 2118 1237 2169 τῷ
1260 2117 1400 2169 αὐχένι
1421 2117 1594 2167 λέγουσι.

233 2196 360 2240 Unde
402 2195 636 2252 Dionysius
680 2209 758 2238 sua
800 2195 960 2250 partim
1004 2199 1119 2239 certe
1151 2195 1392 2251 acceperit,
1424 2195 1597 2239 docebit

229 2275 548 2331 Harpocration
580 2289 616 2317 v.
648 2274 725 2316 ἐπὶ
770 2274 962 2327 κόρρης·
995 2299 1055 2305 -
1087 2273 1202 2316 ἄλλοι
1234 2275 1306 2325 μὲν
1338 2274 1472 2321 ἄλλως
1494 2274 1593 2317 άπέ-

228 2354 367 2405 δοσαν,
412 2354 570 2405 βέλτιον
614 2354 652 2396 δὲ
695 2353 998 2405 ὑπολαμβάνειν
1039 2354 1102 2396 ἐπὶ
1148 2355 1277 2407 κόρρης
1319 2355 1507 2405 λέγεσθαι
1550 2356 1594 2397 τὸ

228 2434 293 2477 ἐπὶ
335 2440 405 2484 τῆς
449 2418 618 2489 γνάθου,
662 2432 680 2475 ὃ
711 2432 884 2484 λέγομεν
916 2434 954 2476 ἑν
987 2435 1041 2486 τῷ
1071 2433 1146 2487 βίῳ
1177 2434 1372 2487 ῥάπισμα.
1382 2466 1394 2485 ,
1428 2456 1487 2465 ——
1519 2433 1594 2476 ubi

228 2514 385 2564 βέλτιον
432 2513 471 2555 δέ
518 2512 576 2555 ad
622 2512 853 2568 Didymum
898 2526 977 2555 nos
1020 2512 1195 2568 relegat.
1237 2511 1300 2555 Of.
1342 2512 1443 2556 Lex.
1484 2512 1593 2555 rhet.

228 2592 361 2636 Bekk.
395 2591 505 2647 255,
538 2591 564 2633 8
598 2592 677 2634 ἐπὶ
709 2593 894 2643 κόρρης·
941 2589 1108 2633 ἅπασαν
1138 2593 1208 2640 την
1239 2593 1349 2634 κατὰ
1370 2597 1441 2640 τῆς
1463 2596 1594 2645 κεφα-

227 2678 301 2721 λῆς
342 2673 501 2723 πληγὴν
543 2670 606 2713 ἐπὶ
647 2671 777 2723 κόρρης
814 2671 944 2713 παίειν
985 2671 1114 2724 φασί,
1148 2670 1281 2724 κυρίως
1313 2670 1353 2712 δὲ
1384 2670 1450 2713 τὸν
1483 2670 1593 2723 παρὰ

193 2807 196 2809 .
228 2754 306 2800 τὰς
337 2753 501 2804 γνάθους
531 2752 662 2801 τόπον,
696 2765 809 2807 quae
840 2752 886 2794 in
913 2752 1023 2795 serie
1043 2752 1257 2808 leguntur,
1280 2765 1411 2807 quam
1432 2751 1593 2808 Boyse-
