2057 3375
913 318 969 361 13

255 455 378 510 ἕτερον
419 461 493 500 τῶν
536 457 658 500 ποδῶν
699 457 899 510 ἀνέχοντα
909 489 921 508 ,
968 457 1011 508 ἢ,
1054 458 1102 504 ὦς
1140 461 1223 509 νῦν,
1256 458 1320 501 ἐπὶ
1349 458 1509 506 σκέλους
1541 459 1619 507 ἑνὸς

255 537 457 588 βαίνοντα.
490 536 572 580 ἔστι
604 536 642 579 δὲ
673 541 739 579 καὶ
778 536 823 579 τὸ
855 537 1079 590 χωλαίνειν.

319 616 560 660 Scholiasta
590 617 660 660 hic
681 618 912 672 integriore
936 618 1171 672 exemplari
1193 618 1471 672 Diogenianei
1492 618 1617 661 lexici

255 710 358 739 usus
390 699 476 751 est,
509 709 638 751 quam
670 695 795 738 nobis
827 695 953 738 hodie
985 696 1030 738 in
1063 695 1277 752 Hesychio
1300 700 1521 752 superest,
1544 695 1618 739 ubi

255 775 458 829 legimus:
500 774 846 827 ἀσκωλιάζεις·
893 776 1026 826 κυρίως
1069 777 1140 822 μὲν
1183 775 1227 817 τὸ
1259 777 1322 817 ἐπὶ
1355 776 1444 822 τοὺς
1475 777 1618 821 ἀσκοὺς

256 851 473 903 ἅλλεσθαι,
509 854 577 906 ἐφ’
610 848 672 900 οὓς
704 852 995 904 ἀληλιμμένους
1027 852 1176 902 ἐπήδων
1206 854 1358 904 γελοίου
1390 850 1527 897 ἕνεκεν.

319 931 457 975 Schol.
490 932 617 987 Gorg.
648 932 735 974 487
764 931 796 975 C
831 931 1054 986 Ἀφίδνα·
1088 932 1206 983 δῆμος
1239 932 1441 979 Αἰαντίδος
1473 937 1619 985 φυλῆς.

316 1010 460 1054 Verba
491 1011 609 1067 apud
641 1010 824 1067 Hesych.
863 1009 1090 1063 Ἀφίδνα·
1113 1012 1231 1061 δῆμος
1253 1017 1323 1060 τῆς
1346 1011 1620 1062 Πτολεμαΐδος

257 1095 389 1145 φυλῆς
423 1090 624 1134 mutilata
655 1104 750 1134 esse
782 1090 993 1134 videntur.
1030 1090 1092 1135 cf.
1126 1090 1293 1134 Alberti
1325 1091 1380 1134 ad
1412 1090 1621 1147 Hesych.,

256 1171 522 1226 Interpretes
554 1171 611 1213 ad
642 1170 899 1225 Harpocrat.
932 1185 962 1213 s.
995 1185 1031 1213 v.
1063 1171 1318 1223 Θυργωνίδαι.

319 1248 458 1292 Schol.
491 1248 673 1305 Euthyd.
709 1249 797 1292 303
823 1249 861 1291 A
892 1248 937 1291 τὸ
970 1253 1035 1292 νῦν
1066 1248 1272 1300 βόμβαὲ
1302 1250 1515 1300 λεγόμενον
1543 1250 1621 1293 πύ-

258 1327 360 1377 παξ
401 1329 558 1379 ἔλεγον,
603 1330 652 1375 ὦς
684 1328 749 1369 καὶ
783 1328 1000 1381 Λυκόφρων
1032 1329 1144 1382 ᾠήθη.
1177 1331 1244 1371 οὐκ
1275 1328 1358 1371 ἔστι
1390 1329 1441 1372 δέ.
1475 1329 1520 1371 τὸ
1551 1330 1623 1379 μὲν

258 1408 337 1460 γὰρ
371 1407 516 1456 πύπαξ
548 1409 694 1449 τίθεται
728 1407 794 1449 καὶ
827 1408 891 1449 ἐπὶ
923 1412 1204 1465 οχετλιασμοῦ
1237 1410 1302 1450 καὶ
1329 1410 1548 1459 ἐγκωμιόυ,
1577 1410 1621 1451 τὸ

259 1487 297 1529 δὲ
329 1486 502 1538 βόμβαξ
531 1487 668 1529 οὐκέτι.

319 1566 431 1609 Hinc
463 1566 755 1608 emendandus
787 1565 969 1622 Hesych.
1004 1580 1034 1608 s.
1068 1581 1102 1608 v.
1128 1565 1326 1617 πύππαξ;
1349 1565 1401 1609 cf.
1430 1565 1623 1609 Schmidt

260 1646 425 1701 Didym.
457 1660 524 1701 pg.
557 1645 626 1687 54.

321 1724 459 1768 Schol.
491 1724 596 1779 Rep.
632 1724 696 1767 V:
729 1723 818 1768 475
847 1724 883 1767 D
915 1725 1147 1767 Διονύσιοι
1181 1725 1287 1777 ἑορτή
1319 1725 1499 1774 Ἀθήνησι
1534 1733 1624 1769 Διο-

260 1803 357 1856 νόσῳ
389 1803 532 1855 ἤγετο,
565 1803 619 1846 τα
651 1804 721 1853 μὲν
753 1806 843 1846 κατ’
875 1804 1020 1855 ἀγροὺς
1053 1803 1170 1854 μηνὸς
1206 1804 1477 1856 Ποσειδεῶνος,
1503 1805 1558 1847 τὰ
1584 1805 1623 1847 δὲ

263 1884 420 1932 Λήναια
437 1883 554 1933 μηνὸς
571 1888 943 1936 Μαιμακτηριῶνος,
957 1883 1011 1926 τοὶ
1028 1884 1066 1925 δὲ
1083 1885 1120 1925 ἐν
1136 1882 1249 1926 ἄστει
1261 1884 1624 1937 Ἐλαφηβολιῶνος.

326 1962 460 2006 Plane
501 1962 651 2005 eadem
684 1961 869 2018 Hesych.
903 1965 945 2004 et
976 1960 1075 2005 Lex.
1108 1961 1214 2005 rhet.
1246 1961 1379 2005 Bekk.
1412 1978 1480 2019 pg.
1513 1963 1624 2015 235,

261 2042 312 2094 6,
344 2041 428 2084 nisi
458 2041 574 2096 quod
606 2041 674 2083 hio
702 2054 781 2096 pro
803 2044 1153 2093 Μαιμακτηριῶνος
1176 2041 1332 2097 legitur
1353 2046 1623 2094 Γαμηλιῶνος,

262 2123 376 2177 apud
410 2122 529 2163 illum
562 2126 793 2169 Ληναιῶνος.
826 2120 890 2164 Cf.
923 2119 974 2162 O.
1005 2120 1196 2176 Gilbert‚
1231 2121 1298 2163 die
1331 2121 1366 2163 F
1369 2122 1518 2164 estzeit
1549 2123 1626 2165 der

261 2201 487 2244 Attischen
521 2200 763 2256 Dionysien.
798 2198 914 2243 tht.
950 2199 1090 2250 1872,
1121 2214 1190 2255 pg.
1214 2200 1282 2242 79.
1306 2200 1353 2242 A.
1376 2200 1624 2244 Mommsen.

261 2280 507 2335 Heortolog.
549 2280 662 2321 1864
693 2294 761 2335 pg.
795 2279 895 2321 332.

323 2358 462 2401 Schol.
494 2358 710 2401 Charmid.
749 2359 832 2400 163
860 2358 894 2399 B
927 2358 996 2399 ἐπ’
1030 2358 1316 2408 οἰκήματος·
1350 2358 1413 2400 ἐπὶ
1446 2363 1513 2401 τοῦ
1541 2358 1625 2400 360·-

262 2437 477 2492 μωτηρίου,
509 2438 558 2483 ὡς
590 2437 767 2485 Λυσίας,
803 2436 825 2486 ἢ
858 2436 922 2478 ἐπὶ
956 2436 1146 2492 πορνείου,
1179 2437 1227 2483 ὡς
1259 2437 1443 2479 Ἀττικοί.

323 2516 509 2571 Hesych.
541 2515 716 2557 mutilus
747 2519 831 2557 est:
865 2514 1040 2565 οἴκημα
1057 2528 1065 2537 ·
1089 2514 1134 2556 τὸ
1156 2515 1432 2566 δεσμωτήριον,
1454 2517 1624 2558 Ἀττικοὶ

263 2596 301 2638 δὲ
333 2595 376 2638 τὸ
410 2599 584 2647 πορνεῖον.
616 2593 669 2637 cf.
702 2594 886 2649 Interpr.
920 2594 975 2636 ad
1009 2592 1266 2649 Harpocrat.
1300 2608 1331 2637 s.
1362 2608 1396 2637 v.
1430 2594 1585 2643 οἴκημα.

325 2675 463 2719 Schol.
496 2675 632 2718 Alcib.
664 2674 729 2717 II:
767 2675 848 2717 147
882 2674 919 2716 Α
950 2675 1201 2728 ἐπουρίση·
1233 2675 1478 2729 ἀποπέμψῃ,
1512 2676 1554 2730 ἢ,
1578 2677 1627 2724 ὡς

264 2760 347 2808 νῦν,
380 2756 595 2810 ἐφορμήση.
