2057 3375
901 314 953 354 17

241 453 429 500 ἐκκλησίαι
462 451 615 503 ὕστερον
646 452 740 493 ὅταν
773 466 850 506 pro
878 450 943 494 ὅτε
975 452 1039 493 τὸν
1061 452 1284 503 στρατηγὸν
1307 453 1606 503 ἑχειροτόνουν”.

246 532 363 582 Quae
394 547 493 575 vero
525 532 641 588 apud
674 531 959 575 Scholiastam
994 535 1219 574 secuntur:
1252 530 1390 580 ε’κλήθη
1420 530 1458 573 δὲ
1490 528 1609 578 οὕτως

240 611 320 662 ἤτοι
362 610 442 655 άπὸ
479 615 547 655 τοῦ
581 610 815 654 πυκνοῦσθαι
848 609 913 652 τὸν
946 608 1065 663 ὄχλον
1097 610 1179 652 ἐκεῖ
1207 610 1229 659 ἢ
1262 610 1343 672 olim)
1375 614 1442 652 τοῦ
1476 612 1607 652 πυκνά

239 689 337 733 εἶναι
385 692 440 733 τὰ
488 691 573 742 περὶ
622 692 744 738 αὐτην
786 691 1008 740 οἰκήματά,
1053 690 1203 732 eadem
1247 691 1379 732 habet
1429 690 1607 732 Photius

239 774 282 811 et
330 770 487 812 similia
535 770 765 812 traduntur
812 769 856 811 in
903 768 1005 811 Lex.
1053 769 1159 812 rhet.
1208 768 1341 811 Bekk.
1387 768 1492 820 292,
1538 768 1606 811 30.

242 845 429 889 Pulchra
461 846 718 903 etymologia
751 846 866 902 sapit
888 846 1053 888 Aelium
1076 846 1339 900 Dionysium.
1366 846 1428 888 Cf.
1451 846 1605 887 Naber.

238 925 403 980 Proleg,
444 926 499 967 ad
538 926 658 968 Phot.
691 940 760 981 pg.
793 926 851 969 56
884 926 937 969 de
969 926 1163 981 Dionysii
1196 926 1459 969 derivatione
1492 925 1605 968 vocis

236 1003 338 1053 κάκη
387 1007 431 1047 et
474 1003 519 1048 C.
552 1003 598 1047 T.
631 1004 676 1047 P.
710 1004 925 1049 Schwartz
958 1005 1014 1048 ad
1046 1005 1155 1047 Aelii
1188 1005 1381 1061 Dionysii
1413 1005 1605 1047 Halicar-

237 1083 455 1124 nassensis
488 1083 693 1137 reliquias
726 1084 773 1125 in
803 1099 837 1126 v.
871 1085 1070 1136 άλιτήριοι.

299 1160 437 1205 Schol.
469 1162 632 1206 Politia.
668 1162 756 1205 265
783 1162 818 1205 Β
850 1162 1045 1212 νεοαλής·
1079 1163 1098 1204 o‘
1130 1161 1380 1216 προσφάτοις·
1410 1162 1542 1213 κυρίως
1565 1162 1602 1205 δὲ

236 1240 299 1282 ἐπὶ
346 1245 420 1283 τῶν
461 1243 556 1283 άλσὶ
600 1243 856 1292 πραττομένων
901 1245 921 1290 ἡ
963 1241 1081 1289 λέξις.
1127 1243 1208 1283 ἔστι
1251 1242 1289 1283 δὲ
1321 1243 1387 1283 uxi
1421 1244 1437 1284 ὁ
1469 1242 1602 1284 νεωστὶ

236 1319 414 1365 ἑαλωκὼς
448 1321 584 1373 ἰχθύς,
628 1320 693 1362 καὶ
727 1321 770 1368 δη
802 1320 867 1363 noc}
901 1321 918 1363 ὂ
950 1320 1082 1363 νεωστὶ
1116 1320 1299 1367 οὲλισθείς.

296 1397 485 1440 Priorem
529 1397 688 1441 scholii
731 1403 898 1454 partem
936 1412 1072 1453 usque
1105 1399 1162 1441 ad
1195 1399 1450 1448 ’ταττομένων
1483 1399 1600 1454 apud

241 1475 423 1531 Hesych.
455 1477 643 1520 invenies
675 1492 710 1519 v.
743 1483 918 1528 νεαλεῖς,
954 1478 1135 1520 alteram
1170 1478 1284 1532 apud
1317 1477 1526 1520 Photium.

300 1554 439 1599 Schol.
472 1556 601 1612 Hipp.
635 1556 735 1599 Min.
762 1557 848 1600 368
878 1555 909 1600 C
941 1557 1137 1606 λήκυθον
1160 1557 1199 1599 δὲ
1219 1556 1386 1608 ἀγγεῖόν
1412 1558 1454 1599 τί
1477 1561 1601 1609 φάσιν

235 1635 431 1685 Ἀττικοί,
462 1636 500 1676 ἐν
526 1631 554 1689 ᾧ
581 1639 660 1681 τοῖς
689 1640 827 1687 νεκροῖς
855 1635 988 1689 ἔφερον
1013 1637 1056 1678 τὸ
1079 1636 1214 1689 μύρον,
1231 1638 1302 1684 την
1317 1636 1598 1688 οέλάβοιστρον·

232 1716 434 1767 ἀρσενικῶς
468 1715 507 1756 δὲ
539 1715 603 1756 τὸν
636 1714 894 1768 άλάβοιστρον
926 1716 1134 1769 Ἡρόδοτος.
1162 1718 1329 1768 ἐχρῶντο
1355 1716 1394 1758 δὲ
1420 1716 1487 1757 καὶ
1509 1716 1596 1758 dur>

232 1793 471 1846 φασκωλίων
502 1793 697 1843 ληκύθοις,
733 1794 761 1835 οἵ
793 1795 874 1835 ἐστι
907 1794 1120 1846 δερμάτινοι
1151 1795 1385 1844 βάλλάντικ
1415 1795 1597 1846 (φάσκω-

230 1883 296 1918 λος
338 1873 377 1914 δὲ
418 1875 461 1915 το
503 1874 639 1923 μέγα,
685 1874 737 1919 εἷς
780 1872 797 1916 ὃ
839 1874 892 1916 τοὶ
931 1873 1077 1925 ἱμάτιά
1119 1873 1409 1930 ἐμβάλλεται).
1442 1874 1494 1917 διὸ
1530 1874 1596 1917 ux}

230 1949 318 1998 τοὺς
352 1949 516 2003 ἀπόρους
548 1949 829 2000 αὐτοληκύθους
862 1951 1012 2001 ἔλεγον.
1040 1952 1197 2001 λέγουσι
1227 1952 1265 1992 δὲ
1290 1952 1356 1991 xx}
1382 1954 1450 1999 την
1467 1952 1595 2002 λάγυ-

229 2045 287 2070 νον
323 2031 483 2077 λήκυθον
516 2030 580 2070 καὶ
614 2031 658 2071 τὸ
689 2030 846 2079 μεταξὺ
886 2036 954 2074 τοῦ
988 2032 1198 2074 λοιυκοινίου
1230 2032 1296 2073 καὶ
1330 2036 1396 2074 τοῦ
1429 2031 1595 2084 αὐχένος

229 2108 401 2161 ἠχῶδες,
436 2107 483 2155 ὥς
516 2113 614 2162 φησι
651 2109 870 2164 Κλέαρχος.

292 2187 473 2230 Glossae
496 2189 612 2242 apud
636 2188 853 2231 Photium:
877 2190 1100 2237 λήκυθον·
1129 2192 1198 2237 την
1225 2193 1291 2231 τοῦ
1320 2190 1437 2241 μύρου
1465 2192 1595 2232 Ἀττι-

228 2267 283 2310 κοὶ
326 2271 511 2311 κοιλοῦσιν
548 2267 788 2320 ἀλάβαστον
820 2267 954 2323 (Suid.
986 2267 1284 2324 άλάβοεστρον)’
1318 2269 1522 2321 ἀρσενικῶς
1556 2269 1595 2310 δὲ

228 2346 294 2387 τὸν
325 2347 562 2395 ἀλάβαστον
595 2346 731 2400 (Suid.
763 2347 1038 2402 άλάβοιστρον)
1070 2346 1175 2389 εἶπεν
1222 2349 1414 2400 Ἡρόδοτος
1453 2348 1594 2389 Nabe-

228 2440 302 2467 rus
338 2425 593 2480 adscripsit:
627 2426 885 2476 Adnotatic»,
930 2441 1041 2481 quae
1074 2426 1241 2481 plenius
1275 2430 1443 2470 servata
1474 2430 1541 2469 est
1572 2440 1598 2469 a

229 2502 368 2546 Schol.
403 2503 511 2546 Plat.
544 2503 675 2559 Hipp.
709 2504 810 2546 Min.
845 2505 931 2547 368
960 2503 1020 2546 C''
1055 2505 1120 2546 his
1153 2505 1292 2547 verbis
1325 2505 1521 2546 indicans
1552 2518 1596 2546 se

229 2582 430 2626 Scholion
476 2582 638 2624 habere
685 2597 764 2637 pro
810 2583 1046 2638 integriore
1087 2584 1241 2626 Boethi
1286 2583 1595 2625 observatione.

226 2662 320 2714 Qua
362 2663 408 2706 in
455 2677 501 2706 re
546 2661 639 2706 falli
684 2662 787 2706 mihi
830 2662 999 2707 videtur
1039 2663 1103 2706 vir
1143 2663 1419 2706 clarissimus.
1484 2661 1595 2705 Nam

228 2756 493 2799 quamquam
551 2756 638 2786 non
694 2757 803 2799 nego
857 2742 1143 2787 Scholiastam
1191 2744 1321 2786 aliam
1371 2749 1599 2798 praeterea

1441 2821 1462 2854 2
