2057 3375
1106 292 1162 336 78

507 431 718 477 Convenit
737 431 916 476 Photius
941 432 986 475 in
1009 448 1043 475 v.
1068 429 1131 475 οἷ·
1160 432 1458 486 περισπωμένως
1475 433 1562 476 άντὶ
1580 437 1648 476 τοῦ
1665 435 1813 487 ἑαυτῷ,

445 509 628 561 ὀξυτόνως
672 511 711 553 δὲ
754 511 799 552 τὸ
840 508 952 554 οὗτοι.
998 512 1236 563 Συμποσίῳ·
1271 507 1309 553 οἷ
1334 511 1406 561 μὲν
1436 511 1516 566 γὰρ
1548 512 1655 560 εὐθὺς
1687 512 1816 555 παῖδά

445 608 534 632 τινα
577 595 652 632 τῶν
690 591 791 632 ἔνδον
823 593 1134 639 ἀπαντήσαντα.
1166 591 1232 633 καὶ
1263 590 1307 633 οὗ
1338 592 1425 633 azur>
1457 596 1525 633 τοῦ
1557 593 1690 635 αὑτοῦ.
1739 601 1814 634 Πο-

444 671 596 723 λιτείᾳ·
642 671 745 721 πλὴν
789 667 845 714 οὗ.
890 669 1144 715 Laudantur
1187 669 1329 728 Symp.
1377 670 1461 714 174
1503 670 1563 724 E,
1607 671 1712 728 Rep.
1751 671 1812 715 X:

445 753 530 793 617
566 751 613 792 Ε.
647 751 874 793 Praecedit
918 751 1032 793 hanc
1062 752 1115 806 gl.
1149 752 1266 806 apud
1299 751 1420 794 Phot.
1453 749 1510 792 οἷ·
1543 751 1660 800 ὅπου,
1697 753 1813 806 quod

444 830 612 886 corrige
643 847 696 875 ex
729 830 916 874 Scholio.

505 908 646 952 Schol.
694 909 932 966 Hipparch.
984 909 1070 952 229
1097 909 1133 951 D
1183 909 1323 957 τέως·
1374 909 1487 959 δηλοῖ
1530 909 1575 952 τὸ
1619 913 1689 964 πρὸ
1732 914 1811 953 τοῦ.

442 992 710 1039 Δημοσθένης·
741 991 758 1031 5
784 990 879 1037 τέως
906 994 1122 1041 προσκυνῶν
1150 991 1220 1038 τὴν
1246 989 1367 1032 θόλον.
1396 989 1686 1043 Ἀριστοφάνης
1710 998 1810 1033 Θεσ-

437 1069 782 1124 μοφοριαζούσαις·

1265 1147 1294 1192 ἃ
1325 1149 1397 1200 ’γὼ
1428 1149 1543 1200 μόλις

619 1229 999 1283 στεφανηπλοκοῦσ’
1031 1227 1191 1278 ἔβοσκον
1221 1230 1261 1269 ἐν
1293 1232 1383 1274 ταῖς
1415 1229 1634 1280 μυρρίναις,

618 1308 713 1353 τέως
745 1309 818 1358 μὲν
850 1309 917 1350 οὐκ
948 1308 997 1349 ἄν
1017 1342 1025 1349 .
1047 1341 1056 1350 .
1078 1340 1087 1349 .

438 1385 583 1433 Ζωΐλος
618 1387 657 1428 ἐν
688 1388 741 1437 τῷ
775 1386 828 1433 εἰς
863 1386 1108 1441 Πολύφημον
1142 1386 1349 1439 ἐγκωμίῳ·
1389 1384 1485 1428 οὕτω
1517 1387 1597 1439 γαρ
1630 1387 1807 1437 ὦμογνω-

436 1466 612 1515 μόνησαν
652 1467 684 1506 οἱ
728 1465 799 1507 θεοὶ
839 1465 924 1519 περὶ
956 1471 1028 1514 τῆς
1060 1466 1248 1517 τιμωρίαις
1279 1466 1454 1516 ταύτης,
1486 1464 1586 1507 ὥστε
1620 1466 1807 1508 πάντοθεν

437 1546 654 1592 Ὀδυσσεὺς
695 1545 790 1591 τέως
834 1545 850 1586 o‘
883 1544 1094 1598 σωζόμενος
1126 1545 1192 1587 καὶ
1225 1545 1300 1592 τοὶς
1335 1549 1428 1592 ναῦς
1460 1546 1661 1598 ἀκεραίους
1696 1562 1803 1597 περι-

435 1625 657 1675 ποιούμενος
702 1624 897 1675 περιώφθη
940 1625 1048 1674 μετα
1089 1625 1158 1673 τὴν
1199 1625 1298 1677 άροὶν
1341 1624 1414 1667 ὑπὸ
1446 1630 1517 1673 τῆς
1552 1625 1732 1673 Ἀθηνᾶς.
1766 1626 1804 1667 ἐν

435 1705 474 1746 δὲ
508 1709 586 1751 τοῖς
620 1703 925 1757 Ἀριστοφάνους
958 1707 1250 1754 Τελμισσεῦσιν
1283 1704 1327 1760 (l.
1358 1710 1396 1745 Τ
1400 1705 1685 1759 ελμησσεῦσιν)
1716 1705 1803 1746 ἀντὶ

433 1787 500 1825 τοῦ
535 1781 711 1835 πρότερον
744 1787 896 1824 κεῖται·

615 1863 656 1904 οὐ
689 1862 769 1913 γάρ
801 1859 955 1911 τίθεμεν
988 1859 1053 1902 τὸν
1083 1860 1224 1911 άγῶνα
1257 1860 1363 1903 τόνδε
1394 1860 1459 1903 τὸν
1490 1860 1628 1914 τρόπον

612 1939 738 1992 ὥσπερ
770 1939 864 1987 τέως
899 1937 965 1991 ἦν,
1003 1940 1116 1983 άλλοὶ
1150 1943 1286 1983 καινῶν
1319 1940 1586 1993 πραγμάτων.

432 2022 470 2062 ἐν
512 2021 550 2061 δὲ
593 2026 642 2072 τῇ
685 2020 823 2071 Εἰρήνη
863 2020 881 2061 ὃ
926 2019 1044 2066 αὐτὸς
1089 2019 1175 2061 ἀντὶ
1208 2023 1276 2061 τοῦ
1310 2020 1349 2060 ἐν
1381 2020 1550 2073 τοσούτῳ
1585 2021 1799 2072 κέχρηται,

432 2100 515 2153 περὶ
548 2099 791 2151 Ὑπερβόλου
823 2097 973 2149 λέγων·

612 2180 761 2231 ἀπορῶν
788 2180 806 2221 ὅ
838 2179 957 2229 δῆμος
990 2179 1198 2230 ἐπιτρόπου
1230 2179 1296 2220 καὶ
1330 2179 1478 2231 γυμνὸς
1511 2179 1559 2222 ὢν

611 2263 746 2302 τοῦτον
777 2259 871 2307 τέως
905 2258 969 2301 τὸν
1001 2257 1121 2310 ἄνδρα
1154 2258 1427 2312 περιεζώσατο.

428 2340 494 2382 καὶ
538 2340 593 2382 ἔτι
639 2340 676 2381 ἐν
717 2345 767 2391 τῇ
812 2338 949 2392 Εἰρήνη
992 2336 1148 2391 εὕρηται
1193 2337 1280 2381 άντὶ
1324 2342 1392 2381 τοῦ
1436 2335 1527 2386 ἕως·
1567 2339 1677 2390 λέγει
1710 2339 1798 2383 δὲό

427 2421 655 2469 ἱπποκομῶν
686 2419 751 2460 τὸν
783 2418 968 2468 κάνθαρον

609 2497 746 2551 ἔρειδε,
780 2497 836 2548 μὴ
869 2496 1043 2539 παύσαιο
1075 2494 1265 2547 μηδέποτ’
1298 2497 1429 2539 ἐσθίων

609 2578 703 2624 τέως
735 2576 803 2623 ἕως
837 2576 956 2619 αὑτὸν
987 2575 1107 2629 λάθῃς
1139 2576 1371 2628 διαρραγείς.

425 2659 490 2701 καὶ
536 2657 782 2707 Δημοσθένης
827 2658 864 2698 ἐν
909 2657 962 2709 τῷ
1005 2662 1076 2705 τῆς
1120 2656 1448 2707 παραπρεσβείας
1481 2657 1568 2699 ἀντὶ
1603 2662 1670 2700 τοῦ
1703 2656 1794 2705 ἕως·

423 2737 511 2781 άντὶ
545 2737 582 2780 δὲ
615 2740 682 2780 τοῦ
717 2735 891 2788 Εὔβοιαν
923 2734 1153 2785 ἀποδοθῆναι
1185 2735 1270 2789 περὶ
1305 2740 1464 2790 Δρυμοῦ
1499 2736 1564 2779 καὶ
1598 2741 1667 2786 τῆς
1701 2738 1794 2791 πρὸς
