2057 3375
1090 351 1143 393 14

491 489 673 546 Hesych.
697 489 975 541 ἕπούρισας·
999 489 1239 543 ε’φώρμησας
1263 493 1308 533 et
1324 490 1575 541 ἐπούρισεν
1590 504 1599 513 ·
1617 490 1803 543 ὥρμησεν,

426 570 685 621 ἀπέπεμψεν.
735 567 786 610 In
830 568 932 610 vitio
976 568 1273 618 consentiunt,
1319 583 1416 611 nam
1462 583 1541 624 pro
1580 571 1805 622 ἀποπέμψῃ

427 651 598 706 legatur
629 649 856 702 ἐπιπέμψη.

488 729 626 772 Schol.
661 728 767 784 Rep.
800 727 863 769 V:
896 727 984 770 455
1011 728 1045 772 C
1086 726 1181 781 ἕψη
1192 746 1264 779 μα
1302 729 1342 772 δέ
1377 731 1481 772 ἐστιν
1514 729 1532 772 ὃ
1569 732 1654 773 ἔνιοι
1682 731 1804 783 ἐραῖον

426 813 632 861 καλοῦσιν,
666 809 699 851 οἱ
732 808 771 851 δὲ
803 808 947 859 γλυκύ.

488 887 674 944 Hesych.
700 887 744 930 in
771 901 807 931 v.
831 885 1026 940 ἕψημα·
1047 885 1139 941 ὅπερ
1169 887 1253 931 ἔνιοι
1285 889 1425 942 σίραιον
1456 893 1661 939 καλοῦσιν,
1686 888 1801 932 ἄλλοι

426 968 571 1019 γλυκύ.
616 967 768 1019 Ἐραῖον
812 966 919 1009 nihil
962 970 1051 1019 est,
1095 967 1170 1009 sed
1215 968 1358 1019 σίραιον
1397 968 1449 1022 (ἴ)
1497 968 1622 1010 unice
1664 968 1802 1024 proba

426 1046 577 1091 forma.
626 1047 733 1090 Vide
767 1046 956 1090 Pierson.
990 1046 1047 1089 ad
1079 1047 1257 1090 Moerid.
1290 1062 1325 1091 v.
1357 1049 1528 1100 σείραιον.

489 1126 630 1170 Schol.
664 1126 838 1169 Theaet,
876 1126 959 1169 155
987 1126 1025 1169 A
1057 1127 1249 1180 κομιδῇ·
1279 1126 1402 1178 πάνυ,
1431 1132 1659 1175 παντελῶς·
1686 1144 1800 1170 συνα-

425 1206 564 1258 γωγή,
600 1205 824 1257 ἐπιμέλεια.
858 1205 923 1247 καὶ
957 1206 1165 1257 κομίστρια
1198 1207 1220 1256 ἧ
1257 1206 1413 1260 τροφός.

486 1286 605 1328 Idem
633 1286 677 1327 in
704 1285 804 1327 Lex.
834 1284 942 1327 rhet.
966 1285 1100 1327 Bekk.
1124 1285 1225 1336 267,
1249 1286 1327 1335 29,
1353 1286 1430 1327 sed
1452 1300 1531 1340 pro
1554 1287 1683 1334 πάνυ,
1702 1302 1799 1327 παν-

425 1370 547 1413 τελῶς
575 1364 635 1408 ibi
662 1368 729 1408 est
755 1364 957 1415 πάμπαν,
984 1364 1168 1416 τελείως,
1193 1378 1307 1420 quae
1330 1364 1623 1421 Diogenianea
1646 1364 1798 1408 alienis

424 1445 628 1487 admixtis
653 1443 770 1498 leges
795 1444 912 1498 apud
930 1443 1114 1498 Hesych.
1133 1444 1302 1493 κομιδῇ
1314 1456 1323 1465 ·
1341 1444 1464 1493 ἄγαν,
1484 1444 1603 1492 πάνυ,
1622 1445 1795 1496 σφόδρα,

425 1527 655 1570 παντελῶς·
680 1523 702 1572 ἢ
727 1523 928 1574 συλλογή,
958 1522 979 1571 ἢ
1007 1526 1151 1573 λῆψις,
1179 1522 1201 1572 ἢ
1225 1521 1453 1572 ἐπιμέλεια,
1477 1526 1635 1578 et'post
1657 1536 1798 1578 pauca

424 1604 534 1654 κομί
542 1616 701 1656 στρια·
732 1602 1012 1655 ἐπιμελητρια,
1043 1604 1198 1656 τροφός.
1229 1600 1281 1643 cf.
1307 1600 1447 1644 Schol.
1474 1600 1616 1658 Symp.
1641 1601 1728 1644 215
1747 1602 1795 1643 D.

486 1684 627 1728 Schol.
661 1682 819 1738 Cratyl.
852 1683 938 1725 401
970 1682 1008 1723 A
1040 1686 1260 1733 κομψῶς·
1295 1686 1448 1731 καλῶς,
1483 1684 1659 1734 μετρίως.

659 1762 823 1806 Politic.
856 1761 944 1805 285
970 1762 1007 1804 Α
1039 1761 1248 1815 κομψός·
1277 1762 1501 1813 τωθαστής,
1533 1763 1793 1813 γελοιαστής,

424 1845 446 1895 ἢ
475 1844 621 1894 καλός,
655 1844 676 1891 ἢ
709 1842 875 1894 μέτριος.

486 1922 531 1966 Si
573 1921 871 1977 componimus
916 1934 1013 1963 cum
1053 1919 1120 1963 his
1153 1933 1227 1972 ea,
1261 1933 1372 1974 quae
1405 1920 1578 1962 exhibet
1610 1920 1794 1976 Hesych.

423 2002 633 2055 κομψόν·
674 2001 849 2050 ἔντιμον,
892 1999 1124 2050 σπουδαῖον,
1162 2001 1424 2051 γελοιαστήν,
1457 2000 1682 2050 τωθαστήν,
1715 2016 1796 2041 πα-

422 2086 597 2133 νοῦργον,
645 2080 788 2128 λάλον,
831 2079 1057 2129 στωμύλον,
1107 2077 1347 2127 σκωπτικόν,
1383 2079 1571 2131 ἐπίχαρι,
1611 2081 1655 2121 et
1686 2095 1796 2128 κομ-

421 2160 544 2214 ψούς
562 2172 571 2181 ·
622 2158 852 2206 σπουδαίους
869 2189 880 2208 ,
930 2158 1108 2209 ἐντίμους
1127 2191 1138 2207 ,
1188 2158 1334 2204 καλούς
1351 2188 1362 2208 ,
1411 2156 1538 2199 faoile
1585 2156 1796 2212 intellegi-

423 2253 517 2281 mus
562 2239 663 2280 hino
707 2237 995 2279 Scholiastam
1038 2251 1118 2279 sua
1156 2237 1333 2279 habere.
1388 2236 1471 2278 Sed
1505 2236 1593 2278 alia
1624 2236 1796 2279 Scholia

422 2331 716 2373 apponemus,
765 2316 840 2359 ubi
882 2315 996 2358 idem
1038 2315 1293 2358 vocabulum
1336 2314 1490 2366 κομψός
1529 2314 1792 2370 explicatur:

421 2396 562 2440 Schol.
595 2395 725 2452 Gorg.
758 2394 847 2437 493
871 2393 920 2437 A.
954 2395 1169 2448 κομψός·
1202 2383 1244 2436 οὐ
1275 2393 1342 2436 τὸν
1373 2393 1549 2445 πιθανὸν,
1582 2394 1696 2436 ἀλλὰ
1728 2393 1793 2434 τὸν

421 2477 601 2528 τεχνικὸν
632 2477 654 2523 ἢ
687 2474 895 2516 σπουδαῖόν
929 2479 1040 2525 φησι.
1074 2473 1214 2515 Schol.
1247 2472 1489 2527 Clitophon.
1511 2473 1600 2514 409
1618 2473 1655 2514 D
1684 2488 1794 2522 κομ-

420 2556 641 2608 ψότατα·
670 2551 930 2595 πιθανώτατα
946 2551 968 2600 ἢ
987 2550 1267 2605 τεχνικώτατα
1285 2550 1307 2601 ἢ
1324 2547 1634 2594 σπουδαίοτατα.
1652 2548 1792 2594 Schol.

421 2634 525 2689 Rep.
559 2633 628 2676 H:
663 2632 751 2674 376
779 2632 817 2673 A
850 2631 1061 2684 κομψόν·
1105 2632 1245 2683 νῦντὸ
1280 2630 1487 2672 σπουδαῖον
1519 2630 1585 2672 καὶ
1618 2630 1791 2680 ἀγαθόν·

420 2713 601 2765 σημαίνει
641 2712 680 2754 δὲ
728 2710 795 2754 καὶ
832 2711 877 2754 τὸ
910 2714 1126 2764 πανοῦργον
1157 2711 1222 2753 καὶ
1259 2709 1505 2759 απατητικὸν
1536 2709 1603 2751 καὶ
1636 2709 1793 2751 πιθανὸν

418 2796 486 2837 καὶ
529 2793 709 2846 τεχνικὸν
752 2792 818 2833 καὶ
864 2793 1020 2833 ἀστεῖον
1062 2792 1129 2832 καὶ
1174 2791 1398 2843 περίλαλον.
1463 2791 1566 2840 Quis
1598 2790 1789 2846 dubitet,
