2057 3375
843 332 894 372 41

195 471 403 523 τέσσαρες,
449 470 498 519 ἃς
540 472 759 526 ἐπεμέριζον
800 477 891 519 ταῖς
936 472 1102 523 πρώταις
1144 471 1367 523 λαχῡύσαις
1411 485 1558 521 πρυτα-

194 550 312 593 νεύειν
349 551 533 604 τέσσαρσι
575 556 726 606 Φυλαῖς
745 565 754 574 ·
798 551 865 595 καὶ
898 555 973 595 τῶν
1005 552 1076 603 μὲν
1108 549 1304 604 τεσσάρων
1337 554 1482 603 πρῶτον
1516 548 1557 603 (l.

194 630 370 685 πρώτων)
403 630 551 679 ἑκάστη
583 628 672 684 εἶχε
704 634 774 679 τὴν
805 632 1041 684 πρυτανείαν
1072 629 1382 683 ἀπαρτιζομένην
1415 630 1468 676 εἰς
1495 627 1557 675 λς’

195 708 366 759 ἡμέρας,
399 709 441 751 αἱ
473 709 512 750 δὲ
545 710 679 751 λοιπαὶ
713 709 756 758 ἓξ
786 710 863 752 ἀνα
896 709 969 752 λε’.

256 786 333 828 His
378 787 532 842 glossis
575 788 777 831 addenda
819 792 885 831 est
931 788 1099 842 glossa,
1145 801 1257 842 quae
1289 785 1482 841 quamvis
1514 784 1559 827 in

197 864 354 908 Lexico
377 865 594 909 rhetorico
616 866 800 909 Bekkeri
824 881 909 909 non
931 866 1191 915 inveniatur,
1208 865 1398 907 eiusdem
1415 868 1560 906 tamen

195 945 367 998 generis
401 951 467 987 est
500 950 632 1001 atque
663 945 831 1002 glossae
863 959 982 1000 prae‹
996 945 1170 987 edentes
1193 944 1428 998 eodemque
1450 941 1559 984 refe-

194 1024 343 1067 renda.
408 1025 487 1068 Est
520 1030 663 1069 autem
696 1026 826 1069 haec:

255 1102 394 1147 Schol.
437 1103 614 1147 Axioch.
648 1104 733 1146 368
769 1104 805 1146 D
846 1104 1334 1157 κατεχειροτόνησαν·
1378 1105 1558 1152 κατεψη-

192 1182 377 1234 φίσαντο.
425 1185 446 1232 ἡ
490 1184 816 1236 καταχειροτονία
849 1185 1029 1234 ἐγίγνετο
1059 1182 1190 1228 οὕτως.
1224 1183 1361 1231 ἔλεγεν
1394 1181 1410 1222 ὁ
1441 1178 1559 1230 κῆρυξ

192 1258 263 1303 οἷον
306 1261 380 1313 ὅτῳ
423 1262 589 1309 Μειδίας
631 1263 734 1304 δοκεῖ
772 1263 940 1313 ἀδικεῖν,
976 1261 1108 1314 ἀράτω
1140 1262 1210 1310 τὴν
1242 1266 1373 1313 χεῖρα.
1407 1255 1495 1301 εἶτα
1526 1259 1557 1300 οἱ

193 1340 364 1386 θέλοντες
409 1340 590 1389 ἑξέτεινον
633 1342 707 1387 τὰς
749 1346 913 1394 χεῖρας,
954 1341 1019 1383 καὶ
1053 1343 1234 1383 ἐκαλεῖτο
1267 1343 1381 1382 τοῦτο
1412 1343 1558 1389 πρῶτον

192 1420 530 1472 καταχειροτονία.
564 1417 652 1462 εἶτα
683 1420 804 1463 πάλιν
837 1421 1007 1472 δεύτερον
1039 1421 1177 1471 ἔλεγεν
1215 1420 1232 1462 ὂ
1265 1418 1382 1461 αὐτὸε
1414 1415 1557 1470 κῆρυξ,

193 1497 267 1551 ὅτῳ
297 1501 354 1548 μὴ
381 1499 484 1541 δοκεῖ
506 1499 650 1541 ἀδικεῖν
679 1500 866 1550 Μειδίας,
894 1500 1026 1553 ἀράτω
1050 1501 1118 1548 τὴν
1146 1503 1265 1551 χεῖρα
1287 1498 1352 1539 καὶ
1374 1496 1557 1546 ἑξέτεινόν

193 1594 316 1627 τινες,
346 1578 412 1620 καὶ
446 1578 625 1621 ἐκαλεῖτο
655 1580 965 1633 ἀποχειροτονία.
1000 1580 1066 1621 καὶ
1094 1578 1226 1621 λοιπὸν
1254 1577 1396 1630 ἠρίθμει
1419 1575 1556 1621 πασας

192 1657 267 1703 τας
299 1662 437 1710 χεῖρας
470 1658 487 1699 0‘
521 1657 662 1711 κῆρυξ,
696 1663 771 1701 τῶν
802 1676 848 1701 τε
880 1659 1065 1712 προτέρων
1097 1658 1162 1700 καὶ
1191 1654 1557 1710 καταχειροτονούν-

192 1753 290 1786 των,
333 1742 408 1779 τῶν
450 1755 495 1780 τε
538 1738 699 1791 ὑστέρων
731 1739 796 1781 καὶ
828 1738 1245 1792 ἄποχειροτονούντων,
1280 1737 1348 1779 καὶ
1382 1735 1474 1779 ὅσων
1507 1735 1557 1778 ἂν

193 1812 292 1864 ἦσαν
324 1817 503 1868 πλείους,
537 1818 684 1860 ἐκείνων
717 1818 783 1861 καὶ
816 1820 839 1869 ἦ
871 1818 1008 1869 γνώμη
1042 1818 1205 1871 ἐκράτει.

253 1895 372 1938 Idem
419 1896 619 1949 Photius,
673 1897 748 1940 ubi
795 1897 994 1941 Naberus
1037 1897 1238 1940 adnotat:
1292 1896 1372 1938 Est
1414 1894 1558 1949 glossa

197 1973 445 2030 Platonica,
492 1976 605 2031 quod
640 1977 812 2020 minime
845 1974 1102 2032 putaveris.'’
1166 1975 1361 2029 Minime,
1395 1972 1556 2022 fateor3

195 2055 267 2097 sed
305 2056 482 2098 omnino
516 2070 601 2099 non
633 2070 810 2099 necesse
844 2061 910 2099 est
942 2057 1054 2099 hanc
1076 2057 1266 2111 glossam
1289 2055 1556 2096 Platonicam

196 2149 314 2190 esse,
362 2136 386 2178 i.
431 2150 465 2178 e.
510 2151 533 2179 e
574 2136 740 2179 Boetho
783 2137 1031 2187 oriundam3
1064 2149 1164 2179 nam
1198 2133 1557 2190 quemadmodum

196 2228 329 2269 supra
377 2215 766 2258 demonstravimus
816 2229 901 2258 non
949 2215 1093 2258 omnia
1142 2214 1435 2269 Diogenianea
1479 2225 1558 2268 per

192 2294 403 2335 Boethum
438 2296 482 2336 in
513 2294 686 2337 Scholia
706 2294 905 2349 fluxisse,
932 2296 992 2337 sic
1015 2296 1083 2336 hic
1106 2308 1278 2348 quoque
1301 2308 1386 2336 non
1410 2292 1555 2340 video,

194 2372 296 2426 quid
331 2372 493 2423 obstet,
528 2374 758 2428 quominus
793 2374 1020 2417 credamus
1052 2374 1148 2428 ipsa
1180 2374 1318 2416 lexica
1340 2372 1558 2415 rhetorica

195 2450 386 2506 Dionysii
438 2452 502 2494 vel
550 2452 793 2495 Pausaniae
841 2468 867 2495 a
916 2452 1157 2495 Scholiasta
1204 2451 1400 2494 adhibita
1448 2465 1555 2494 esse.

194 2530 298 2572 Mihi
332 2536 448 2573 certe
479 2531 625 2586 glossa
658 2533 772 2587 apud
807 2532 1004 2574 Photium
1038 2537 1218 2587 propter
1250 2532 1404 2574 lemma
1437 2548 1553 2572 κκτε-

191 2611 469 2665 χειροτόνησαν
500 2613 620 2654 αὐτοῦ
654 2612 798 2668 potius
832 2616 1028 2667 spectare
1061 2612 1230 2655 videtur
1254 2611 1554 2655 Demosthenis

193 2692 429 2734 orationem
463 2692 508 2732 in
542 2692 717 2733 Midiam
751 2707 790 2746 p.
820 2693 903 2734 577
929 2693 1077 2746 itaque
1101 2693 1156 2734 ad
1180 2692 1396 2735 rhetorica
1417 2692 1557 2734 lexica

193 2770 420 2815 referenda
453 2785 545 2815 esse
560 2806 570 2823 ,
605 2786 735 2829 quam
760 2771 874 2815 hunc
896 2771 1089 2816 Platonis
1112 2771 1252 2816 locum
1268 2806 1278 2825 ,
1301 2771 1375 2815 ubi
1398 2772 1556 2828 legitur
