2057 3375
884 321 942 364 65

227 460 423 516 quidem,
471 460 583 504 unde
632 460 916 504 manifestius
966 463 1199 516 appareret
1244 458 1320 501 illa
1362 472 1388 500 a
1432 457 1595 501 Cobeto

229 544 344 582 recte
390 540 612 596 disputata
656 553 775 591 esse,
819 539 902 581 nisi
947 539 983 581 si
1029 538 1226 580 alicunde
1268 538 1413 594 glossa
1449 542 1599 592 posset

229 619 430 671 excitari,
476 620 557 663 hoc
603 619 982 663 demonstrationis
1017 633 1173 674 genere
1207 618 1372 660 Boetho
1404 618 1596 668 reddita,

232 699 301 741 cui
333 699 473 754 ipsum
506 698 661 741 Boethi
694 712 851 741 nomen
882 697 1149 753 adscriptum
1171 701 1299 740 esset.
1343 695 1465 748 Quod
1488 695 1599 738 sorte

230 778 406 820 fortuna
453 776 545 819 fieri
593 781 749 831 potest.
826 777 936 818 Nam
985 777 1096 818 inter
1143 790 1216 818 eas
1265 777 1431 831 glossas
1484 776 1598 829 apud

230 856 452 908 photium,
498 870 606 911 quas
650 855 841 899 Cobetus
885 855 1048 898 Boetho
1093 855 1267 903 tribuit,
1302 860 1368 896 est
1400 854 1543 908 glossa
1577 851 1600 900 ἦ

232 933 326 984 δ’ὅς,
371 935 439 977 cui
484 934 632 978 similis
676 933 845 989 legitur¹
875 933 919 975 in
964 933 1172 988 opusculo
1205 933 1376 988 Didymi
1408 932 1492 983 περὶ
1528 936 1601 973 τῶν

232 1014 501 1066 ἀπορουμένων
534 1015 644 1065 πικραὶ
677 1014 860 1056 Πλάτωνι
892 1011 1057 1063 λέξεων,
1082 1012 1197 1067 quod
1221 1012 1357 1054 edidit
1381 1011 1425 1053 E.
1451 1011 1601 1062 Miller,

232 1092 277 1136 in
322 1091 540 1149 Melanges
585 1093 636 1135 de
677 1090 919 1135 litterature
957 1105 1156 1147 grecque.
1202 1090 1324 1134 Paris
1364 1090 1487 1134 1868.
1552 1090 1602 1133 In

233 1172 309 1216 illa
357 1173 504 1228 glossa
545 1173 747 1228 leguntur
788 1172 920 1215 verba
960 1171 1008 1219 ὥς
1051 1176 1149 1224 φησι
1193 1172 1325 1220 Βοηθὸς
1369 1171 1386 1212 0‘
1433 1170 1602 1216 Στωϊκὸς

200 1254 204 1258 ’
237 1250 468 1306 φιλόσοφος.
533 1251 623 1293 Iam
658 1250 797 1303 vides,
831 1250 935 1306 quid
969 1254 1176 1305 sequatur
1197 1250 1244 1305 1).

298 1329 382 1372 Sed
415 1334 589 1385 praeter
621 1330 821 1372 Photium
844 1331 972 1371 etiam
997 1329 1240 1371 Scholiasta
1262 1328 1454 1370 Platonis
1479 1329 1601 1369 nobis

239 1423 262 1452 e
305 1409 459 1452 Boethi
491 1409 648 1452 libellis
690 1409 858 1464 glossas
891 1409 1085 1452 servavit.
1149 1407 1287 1463 Saepe
1321 1408 1402 1450 hae
1433 1407 1604 1463 glossae

241 1503 338 1531 cum
387 1488 611 1531 Photianis
655 1488 709 1530 ad
752 1488 925 1531 verbum
970 1487 1244 1542 conspirant3
1295 1500 1602 1542 nonnunquam

236 1569 435 1612 exiliores
480 1573 606 1620 sunt,
650 1569 766 1623 quod
806 1568 941 1623 ipsius
976 1567 1246 1610 Scholiastae
1279 1567 1407 1621 culpa
1439 1566 1601 1609 factum

236 1661 331 1691 esse
376 1646 529 1699 cred03
573 1661 673 1690 nam
714 1645 1077 1702 quemadmodum
1120 1645 1189 1688 hic
1235 1659 1363 1701 saepe
1408 1645 1604 1701 egregias

235 1726 390 1768 Boethi
423 1725 748 1768 observationes
782 1729 859 1768 aut
891 1725 1019 1780 plane
1050 1724 1240 1780 neglexit
1263 1739 1298 1766 e.
1322 1739 1355 1766 c.
1380 1723 1604 1774 Ζάλμεξις,

237 2001 351 2024 unum
382 2001 510 2033 corpus
534 1991 705 2023 conflasse
734 2000 816 2022 cum
840 1990 918 2022 aliis
944 1990 1068 2032 glossis
1093 1990 1304 2031 Dionysium
1330 1994 1364 2021 et
1392 1990 1605 2022 Pausaniam

239 2056 441 2097 Atticistas‚
479 2055 654 2088 Boethum
690 2058 723 2086 et
756 2053 940 2086 Timaeum
973 2053 1190 2095 Platonicos,
1229 2058 1348 2086 monet
1387 2053 1606 2086 Solnnidtins

241 2119 382 2158 Quaest.
403 2119 551 2162 Hesych.
573 2128 606 2159 p.
621 2125 694 2150 xe1.
722 2117 797 2149 Iam
815 2127 895 2149 vero
912 2120 996 2149 ante
1013 2117 1076 2149 hos
1094 2126 1217 2149 omnes
1235 2117 1473 2149 Ruhnkenius
1491 2118 1607 2159 suspi-

239 2188 340 2217 catus
372 2187 448 2216 erat
482 2183 585 2216 nobis
610 2183 713 2215 hodie
737 2182 828 2224 apud
854 2181 1022 2214 Photium
1046 2185 1082 2215 et
1106 2181 1251 2214 Suidam
1276 2182 1408 2225 glossas
1433 2192 1451 2214 e
1476 2182 1608 2215 Boetho

239 2256 442 2289 superesse;
487 2246 570 2278 audi
610 2246 728 2287 ipsum
764 2245 802 2277 in
838 2245 1065 2277 adnotatione
1102 2246 1145 2277 ad
1181 2245 1314 2277 Timaei
1350 2245 1486 2277 lexicon
1523 2246 1544 2278 i.
1577 2256 1606 2277 v,

239 2311 536 2352 περιαγειρόμενοιε
580 2309 684 2342 Hunc
717 2309 875 2342 Platonis
907 2309 1024 2341 locum
1058 2309 1160 2351 [Rep.
1195 2309 1236 2342 X.
1271 2319 1303 2351 p.
1327 2309 1389 2341 521
1416 2310 1454 2352 f.]
1488 2310 1609 2343 laudat

241 2373 368 2406 Suidas
402 2384 431 2405 v.
466 2372 605 2412 “no-orep
637 2372 671 2402 οἱ
700 2372 861 2412 νικηφόροι
886 2375 921 2403 et
945 2382 974 2403 v.
1000 2373 1299 2412 περιαγειρόμενοι,
1324 2383 1414 2414 quae
1438 2374 1608 2414 posterior

240 2438 369 2480 glossa,
395 2436 569 2479 singulari
594 2436 792 2469 eruditione
818 2436 964 2477 referta,
995 2436 1120 2468 iisdem
1145 2436 1262 2469 verbis
1288 2436 1418 2479 legitur
1436 2437 1471 2469 in
1490 2436 1606 2469 Photii

241 2501 322 2533 Lex.
347 2499 418 2532 MS.
444 2503 478 2531 et
502 2499 671 2540 Apostolii
698 2498 863 2530 Proverb.
888 2508 943 2530 XV.
963 2497 1023 2538 97,
1044 2502 1151 2540 atque
1168 2500 1313 2530 omnino
1332 2500 1383 2530 vel
1404 2509 1443 2530 ex
1464 2500 1606 2539 Boethi,

241 2564 295 2596 vel
327 2573 369 2595 ex
394 2562 540 2595 alterius
565 2561 689 2594 Lexico
714 2561 895 2594 Platonico
920 2562 1076 2594 derivata
1101 2562 1261 2594 videtur'‘
1288 2566 1322 2594 et
1348 2563 1368 2594 i.
1395 2573 1422 2595 V.
1449 2562 1604 2595 πέλανοιι

243 2626 391 2669 Mirum,
423 2625 462 2657 ni
499 2624 626 2657 Suidas
659 2625 692 2657 h.
726 2634 756 2657 V.
782 2624 908 2657 Boethi
932 2625 986 2657 vel
1011 2625 1162 2657 alterius
1186 2625 1338 2657 Lexicon
1364 2626 1604 2668 Platonicum,

241 2701 370 2734 magno
395 2691 568 2723 bonarum
592 2690 779 2722 literarum
803 2689 932 2721 damno
957 2690 1200 2731 deperditum,
1225 2691 1455 2732 compilarit.'⁷
1481 2704 1485 2707 ⁴

285 2755 322 2797 1)
350 2755 452 2787 Hunc
477 2754 651 2786 Boethum
678 2763 750 2785 non
774 2753 951 2785 diversum
977 2763 1053 2785 esse
1078 2754 1122 2786 ab
1147 2758 1291 2786 auctore
1314 2755 1508 2787 lexicoruin
1529 2756 1608 2787 Pla-

244 2819 440 2853 tonicorum
466 2821 560 2851 recte
584 2818 803 2850 contendunt
829 2818 896 2850 viri
920 2818 1012 2850 docti
1037 2822 1161 2851 contra
1187 2818 1374 2851 Millerum.

1454 2883 1475 2914 5
