2057 3375
1040 330 1124 372 108

395 470 470 509 τῶν
500 466 658 509 ὀδόντων
689 467 907 524 γνώρισμα.
952 466 1112 511 Verum
1145 482 1231 511 non
1259 468 1341 516 hoc
1362 468 1570 518 docuerat
1594 460 1765 515 Ariste-

396 546 562 602 phanes
578 546 676 603 Byz.
688 580 699 599 ,
718 547 840 590 cuius
857 548 1067 591 disertum
1085 549 1378 593 testimonium
1396 549 1582 593 servavit
1598 549 1762 595 Eustae

395 626 511 669 thius
559 639 599 681 p.
653 625 841 678 1404,59
890 627 943 668 τα
990 627 1125 669 τέλεια
1171 627 1235 671 ἐπὶ
1288 628 1485 671 πλείστων
1529 629 1650 679 γενῶν
1694 628 1762 672 καὶ

395 705 670 757 κατηρτυκότα
695 706 1062 756 λειπογνώμονα
1089 711 1300 758 καλεῖται,
1330 707 1393 750 δια
1416 708 1461 750 τὸ
1490 707 1633 757 μηκέτι
1654 707 1763 761 ἔχειν

394 783 552 832 ὀδόντας
582 783 671 832 τοὺς
703 784 907 836 γνώμονας
940 788 1224 837 καλουμένους,
1261 784 1314 835 οἷς
1347 786 1697 839 ἐπιγιγνώσκουσιν
1730 787 1763 830 οἱ

396 866 565 917 ἔμπειροι
598 865 687 912 τοὺς
719 864 1003 919 πρωτοβόλους.
1035 866 1054 907 o‘
1085 866 1124 908 δὲ
1145 870 1259 909 τοῦτο
1281 866 1447 920 γράψας
1470 866 1762 920 Ἀριστοφάνης

394 943 506 994 λέγει
539 943 607 986 καὶ
640 943 828 992 ’ΛττΙκην
859 943 949 986 τινα
980 943 1175 998 δωδεκῇδα
1206 945 1361 988 θύεσθαι
1390 945 1605 996 λεγομένην
1632 955 1763 988 λειπο-

394 1022 597 1072 γνώμονα,
640 1018 712 1064 οἷον
753 1023 924 1065 τελείαν.
957 1023 1023 1064 καὶ
1058 1020 1115 1065 ὅτι
1147 1022 1231 1065 ἔνιοι
1262 1023 1327 1065 τὸν
1359 1022 1519 1076 ῥηθέντα
1551 1022 1686 1066 ὀδόντα
1722 1025 1765 1066 οὗ

395 1100 578 1152 γνώμονα
620 1104 827 1152 καλοῦσιν,
871 1100 985 1144 ἄλλα
1028 1104 1196 1154 γνῶμα,
1239 1098 1334 1145 οἷον·
1377 1101 1446 1146 νέα
1479 1101 1512 1145 δ’
1544 1101 1602 1146 ἔτ’
1635 1101 1763 1145 ἐστίν’

394 1179 486 1232 οὐχ’
539 1181 651 1234 ὅρᾷς;
711 1181 778 1221 καὶ
836 1180 963 1230 γνῶμ’
1015 1181 1115 1233 ἔχει.
1164 1182 1232 1222 καὶ
1278 1182 1425 1224 πάλιν·
1473 1185 1618 1231 γνῶμα
1670 1185 1766 1231 γοῦν

394 1257 597 1310 βέβληκεν
637 1258 686 1307 ὦς
728 1255 809 1303 offo-³
852 1260 1008 1308 ἑπτέτις
1048 1264 1093 1305 et
1123 1275 1163 1316 p.
1201 1259 1390 1313 1405‚19
1423 1260 1489 1304 καὶ
1523 1261 1542 1303 ο”
1582 1258 1764 1313 ἄβολος

394 1335 513 1385 ἵππος
555 1338 573 1380 ὂ
612 1336 797 1390 μηδέπω,
842 1340 992 1391 Φασίν,
1029 1339 1285 1390 ἐκβεβληκὼς
1315 1344 1442 1387 πῶλος
1476 1340 1542 1382 τὸν
1574 1339 1766 1392 εἰρημένον

396 1417 578 1467 γνώμονα
610 1416 758 1460 ὀδόντα.
801 1417 1037 1461 Dicebatur
1058 1418 1190 1473 igitur
1210 1419 1488 1468 λειπογνώμων
1511 1419 1597 1467 (vel
1618 1418 1764 1474 potius

396 1496 674 1552 λιπογνώμων)
723 1511 756 1539 s.
802 1497 1051 1550 κατηρτυκὼς
1098 1511 1256 1553 equus,
1305 1497 1380 1552 qui
1426 1497 1514 1540 iam
1546 1496 1767 1540 abiecerat

396 1575 603 1625 γνώμονα,
640 1574 787 1625 ἄβολος
821 1580 990 1627 autem,
1023 1576 1097 1631 qui
1129 1575 1334 1619 nondum.
1367 1575 1419 1618 cf.
1452 1575 1574 1618 Phot.
1600 1579 1643 1618 et
1664 1575 1767 1618 Hes.

397 1669 431 1697 v.
449 1655 720 1706 λιπογνώμων.
759 1654 809 1698 In
826 1654 1043 1712 Hesychio
1061 1669 1097 1698 v.
1115 1655 1263 1705 ἄβολος
1281 1654 1544 1698 Schmidtius
1563 1654 1765 1698 lacunam

396 1733 624 1786 indicavit3
666 1732 760 1777 fieri
802 1737 950 1777 tamen
991 1737 1160 1790 potest,
1203 1739 1251 1777 ut
1294 1747 1415 1777 error
1457 1733 1766 1789 grammatico,

397 1814 484 1857 sive
526 1814 564 1856 is
603 1814 895 1870 Diogenianus
928 1814 1060 1857 fuerit
1091 1815 1177 1856 sive
1210 1814 1320 1856 alius
1353 1814 1474 1869 quis,
1506 1812 1763 1856 tribuendus

397 1894 477 1946 sit,
509 1907 596 1937 non
629 1893 810 1937 scribae.
859 1893 1027 1951 Operae
1057 1894 1244 1951 pretium
1277 1897 1344 1937 est
1364 1893 1578 1949 inspicere
1600 1892 1764 1936 Polluc.

398 1972 618 2016 Onomast.
660 1972 707 2015 I:
755 1973 862 2023 181,
906 1972 1049 2024 Cohn,
1095 1973 1148 2016 de
1190 1973 1321 2016 Arist.
1365 1972 1413 2015 B.
1456 1977 1500 2016 et
1542 1971 1663 2015 Suet.
1695 1970 1767 2014 Tr.

397 2052 517 2096 Eust.
550 2056 663 2095 auct.
696 2066 766 2108 pg.
800 2051 1006 2104 304,308,

457 2131 559 2174 ibid.
591 2131 680 2175 IX:
710 2130 799 2174 854
830 2131 867 2173 B
898 2132 1373 2182 ἀποδιοπομπήσεις·
1409 2132 1483 2178 τὰς
1505 2129 1766 2184 ἀποστροφὰς

397 2213 471 2258 τας
514 2211 754 2262 γιγνομένας
800 2211 873 2253 ὑπὸ
904 2216 973 2254 τοῦ
1005 2212 1270 2262 ἀποτροπαίου
1302 2210 1422 2260 Διός,
1457 2210 1521 2252 δια
1551 2210 1596 2252 τὸ
1630 2210 1768 2251 καθαί-

397 2291 525 2345 ρεσθαι
557 2290 611 2334 τα
643 2288 748 2334 δεινοὶ
763 2302 772 2312 ·
806 2288 829 2339 ἢ
866 2289 942 2338 τας
973 2289 1224 2342 ἀποπομπὰς
1258 2289 1333 2337 τας
1367 2287 1458 2343 πρὸς
1490 2287 1556 2332 τὸν
1588 2286 1768 2342 προστρό·

398 2388 512 2415 παιον
544 2374 649 2424 Δία,
682 2374 748 2415 καὶ
781 2373 888 2414 οἱονεὶ
921 2371 1127 2421 καθάρσεις
1159 2371 1226 2412 καὶ
1263 2371 1472 2420 ἱλασμούς.

458 2453 583 2497 Prior
613 2467 716 2510 pars
749 2451 911 2497 Scholii
941 2451 1057 2495 falsa
1088 2451 1237 2502 docet,
1269 2454 1314 2494 et
1345 2444 1502 2505 corrigi
1532 2453 1678 2505 potest
1709 2463 1762 2492 ex

399 2532 539 2575 Schol.
561 2531 722 2588 Gratyl.
745 2531 833 2574 396
856 2530 893 2573 Ε
916 2529 1396 2581 αποδιοπομπεῑσθαί
1415 2534 1520 2583 φασι
1544 2527 1589 2570 τὸ
1604 2527 1768 2581 αποτρέ-

399 2615 539 2656 πεσθαι
586 2614 652 2656 τὸν
698 2613 977 2664 προστρόπαιον
1024 2612 1105 2654 Διά
1152 2610 1218 2653 καὶ
1266 2610 1372 2652 οἱονεὶ
1419 2609 1669 2661 καθαίρεσθαι
1712 2608 1765 2650 τα

399 2693 527 2744 δεινοὶ,
560 2693 585 2735 i.
619 2706 653 2735 e.
687 2695 880 2735 avertere
913 2691 999 2734 sive
1032 2690 1247 2746 depellere
1280 2703 1308 2733 a
1340 2702 1388 2732 se
1419 2688 1561 2732 Iovem
1582 2686 1767 2730 ultorem

399 2773 488 2818 sive
530 2772 643 2817 Iovis
687 2773 840 2817 ultoris
881 2773 1002 2815 iram.
1065 2770 1176 2814 Nam
1219 2771 1497 2822 προστρόπαιος
1542 2772 1609 2811 est
1645 2767 1770 2811 ultor.
