<?xml version="1.0" encoding="UTF-8"?>
<!DOCTYPE html PUBLIC "-//W3C//DTD XHTML 1.0 Transitional//EN"
    "http://www.w3.org/TR/xhtml1/DTD/xhtml1-transitional.dtd">
<html xmlns="http://www.w3.org/1999/xhtml" xml:lang="en" lang="en">
 <head>
  <title>
</title>
<meta http-equiv="Content-Type" content="text/html;charset=utf-8" />
  <meta name='ocr-system' content='tesseract 3.04.00' />
  <meta name='ocr-capabilities' content='ocr_page ocr_carea ocr_par ocr_line ocrx_word'/>
</head>
<body>
  <div class='ocr_page' id='page_1' title='image "4738097_0087.png"; bbox 0 0 2057 3375; ppageno 0'>
   <div class='ocr_carea' id='block_1_1' title="bbox 1024 331 1081 372">
    <p class='ocr_par' dir='ltr' id='par_1_1' title="bbox 1024 331 1081 372">
     <span class='ocr_line' id='line_1_1' title="bbox 1024 331 1081 372; baseline -0.018 0"><span class='ocrx_word' id='word_1_1' title='bbox 1024 331 1081 372; x_wconf 86' lang='lat'><em>70</em></span> 
     </span>
    </p>
   </div>
   <div class='ocr_carea' id='block_1_2' title="bbox 358 466 1762 2739">
    <p class='ocr_par' dir='ltr' id='par_1_2' title="bbox 358 466 1734 1234">
     <span class='ocr_line' id='line_1_2' title="bbox 360 466 1731 522; baseline 0.001 -12"><span class='ocrx_word' id='word_1_2' title='bbox 360 468 463 510; x_wconf 84' lang='grc' dir='ltr'><em>οὐδέν</em></span> <span class='ocrx_word' id='word_1_3' title='bbox 489 484 540 519; x_wconf 86' lang='grc' dir='ltr'><em>γε</em></span> <span class='ocrx_word' id='word_1_4' title='bbox 566 468 730 518; x_wconf 68' lang='grc' dir='ltr'><em>ἄτοπον,</em></span> <span class='ocrx_word' id='word_1_5' title='bbox 758 468 872 510; x_wconf 71' lang='grc' dir='ltr'><em>ἀλλὰ</em></span> <span class='ocrx_word' id='word_1_6' title='bbox 889 468 991 510; x_wconf 78' lang='grc' dir='ltr'><em>πολὺ</em></span> <span class='ocrx_word' id='word_1_7' title='bbox 1008 468 1344 520; x_wconf 72' lang='grc' dir='ltr'><em>θαυμαστότερον,</em></span> <span class='ocrx_word' id='word_1_8' title='bbox 1365 470 1398 511; x_wconf 81' lang='grc' dir='ltr'><em>εἱ</em></span> <span class='ocrx_word' id='word_1_9' title='bbox 1415 470 1472 519; x_wconf 77' lang='grc' dir='ltr'><em>μη</em></span> <span class='ocrx_word' id='word_1_10' title='bbox 1488 473 1655 516; x_wconf 78' lang='grc' dir='ltr'><em>τοιοῦτος</em></span> <span class='ocrx_word' id='word_1_11' title='bbox 1674 466 1731 522; x_wconf 79' lang='grc' dir='ltr'><em>ἦν,</em></span> 
     </span>
     <span class='ocr_line' id='line_1_3' title="bbox 361 545 1727 603; baseline 0.002 -14"><span class='ocrx_word' id='word_1_12' title='bbox 361 560 486 602; x_wconf 92' lang='lat' dir='ltr'>quem</span> <span class='ocrx_word' id='word_1_13' title='bbox 519 546 681 589; x_wconf 86' lang='lat' dir='ltr'>fontem</span> <span class='ocrx_word' id='word_1_14' title='bbox 714 546 867 589; x_wconf 82' lang='lat' dir='ltr'>Boethi</span> <span class='ocrx_word' id='word_1_15' title='bbox 898 545 1092 589; x_wconf 86' lang='lat' dir='ltr'>libellum</span> <span class='ocrx_word' id='word_1_16' title='bbox 1119 545 1252 590; x_wconf 86' lang='lat' dir='ltr'>fuisse</span> <span class='ocrx_word' id='word_1_17' title='bbox 1274 548 1483 603; x_wconf 88' lang='lat' dir='ltr'>suspicor.</span> <span class='ocrx_word' id='word_1_18' title='bbox 1531 547 1727 592; x_wconf 76' lang='lat' dir='ltr'><strong>Platonis</strong></span> 
     </span>
     <span class='ocr_line' id='line_1_4' title="bbox 359 625 1731 677; baseline 0.001 -9"><span class='ocrx_word' id='word_1_19' title='bbox 359 627 478 668; x_wconf 86' lang='lat' dir='ltr'>locus</span> <span class='ocrx_word' id='word_1_20' title='bbox 512 630 580 668; x_wconf 90' lang='lat' dir='ltr'><em>est</em></span> <span class='ocrx_word' id='word_1_21' title='bbox 610 625 786 668; x_wconf 86' lang='lat' dir='ltr'>Theaet.</span> <span class='ocrx_word' id='word_1_22' title='bbox 822 625 907 667; x_wconf 82' lang='lat'><em>142</em></span> <span class='ocrx_word' id='word_1_23' title='bbox 940 626 986 667; x_wconf 92' lang='grc' dir='ltr'><em>Β.</em></span> <span class='ocrx_word' id='word_1_24' title='bbox 1022 625 1073 668; x_wconf 88' lang='lat' dir='ltr'><em>cf.</em></span> <span class='ocrx_word' id='word_1_25' title='bbox 1107 625 1210 669; x_wconf 84' lang='lat' dir='ltr'>crit.</span> <span class='ocrx_word' id='word_1_26' title='bbox 1243 626 1303 668; x_wconf 90' lang='lat'><em>44</em></span> <span class='ocrx_word' id='word_1_27' title='bbox 1333 626 1395 677; x_wconf 94' lang='lat' dir='ltr'><em>B,</em></span> <span class='ocrx_word' id='word_1_28' title='bbox 1419 627 1554 669; x_wconf 88' lang='lat' dir='ltr'>Alcib.</span> <span class='ocrx_word' id='word_1_29' title='bbox 1576 627 1617 669; x_wconf 93' lang='lat' dir='ltr'><em>I:</em></span> <span class='ocrx_word' id='word_1_30' title='bbox 1647 629 1731 670; x_wconf 88' lang='lat'><em>106</em></span> 
     </span>
     <span class='ocr_line' id='line_1_5' title="bbox 359 703 1731 761; baseline 0.001 -15"><span class='ocrx_word' id='word_1_31' title='bbox 359 704 409 757; x_wconf 90' lang='lat' dir='ltr'><em>A,</em></span> <span class='ocrx_word' id='word_1_32' title='bbox 441 708 486 747; x_wconf 89' lang='lat' dir='ltr'><em>et</em></span> <span class='ocrx_word' id='word_1_33' title='bbox 519 703 623 760; x_wconf 88' lang='lat' dir='ltr'>Rep.</span> <span class='ocrx_word' id='word_1_34' title='bbox 645 703 728 747; x_wconf 87' lang='lat' dir='ltr'>III:</span> <span class='ocrx_word' id='word_1_35' title='bbox 760 703 849 747; x_wconf 87' lang='lat'><em>405</em></span> <span class='ocrx_word' id='word_1_36' title='bbox 874 703 924 760; x_wconf 82' lang='lat' dir='ltr'><em>D,</em></span> <span class='ocrx_word' id='word_1_37' title='bbox 955 703 1030 747; x_wconf 93' lang='lat' dir='ltr'>ubi</span> <span class='ocrx_word' id='word_1_38' title='bbox 1053 703 1294 748; x_wconf 84' lang='lat' dir='ltr'>Scholiasta</span> <span class='ocrx_word' id='word_1_39' title='bbox 1319 704 1571 761; x_wconf 81' lang='lat' dir='ltr'>adscripsit:</span> <span class='ocrx_word' id='word_1_40' title='bbox 1595 706 1731 749; x_wconf 83' lang='grc' dir='ltr'><em>ἄτοπα</em></span> 
     </span>
     <span class='ocr_line' id='line_1_6' title="bbox 359 781 1731 838; baseline 0.001 -13"><span class='ocrx_word' id='word_1_41' title='bbox 359 788 435 833; x_wconf 81' lang='grc' dir='ltr'><em>νῦν,</em></span> <span class='ocrx_word' id='word_1_42' title='bbox 462 782 490 824; x_wconf 77' lang='grc' dir='ltr'><em>ἃ</em></span> <span class='ocrx_word' id='word_1_43' title='bbox 516 784 573 831; x_wconf 78' lang='grc' dir='ltr'><em>μη</em></span> <span class='ocrx_word' id='word_1_44' title='bbox 600 784 682 824; x_wconf 84' lang='grc' dir='ltr'><em>ἔστι</em></span> <span class='ocrx_word' id='word_1_45' title='bbox 710 782 906 832; x_wconf 71' lang='grc' dir='ltr'><em>τοπάσαι,</em></span> <span class='ocrx_word' id='word_1_46' title='bbox 936 781 958 825; x_wconf 76' lang='grc' dir='ltr'><em>ὅ</em></span> <span class='ocrx_word' id='word_1_47' title='bbox 982 784 1086 825; x_wconf 85' lang='grc' dir='ltr'><em>ἐστιν</em></span> <span class='ocrx_word' id='word_1_48' title='bbox 1115 784 1345 838; x_wconf 72' lang='grc' dir='ltr'><em>ὑπονοῆσαι,</em></span> <span class='ocrx_word' id='word_1_49' title='bbox 1378 786 1560 834; x_wconf 86' lang='grc' dir='ltr'><em>σημαίνει</em></span> <span class='ocrx_word' id='word_1_50' title='bbox 1592 785 1632 827; x_wconf 82' lang='grc' dir='ltr'><em>δὲ</em></span> <span class='ocrx_word' id='word_1_51' title='bbox 1664 785 1731 827; x_wconf 74' lang='grc' dir='ltr'><em>καὶ</em></span> 
     </span>
     <span class='ocr_line' id='line_1_7' title="bbox 359 860 1734 921; baseline 0.001 -16"><span class='ocrx_word' id='word_1_52' title='bbox 359 862 477 905; x_wconf 85' lang='grc' dir='ltr'><em>κακὸν</em></span> <span class='ocrx_word' id='word_1_53' title='bbox 520 863 586 904; x_wconf 79' lang='grc' dir='ltr'><em>καὶ</em></span> <span class='ocrx_word' id='word_1_54' title='bbox 626 860 773 912; x_wconf 73' lang='grc' dir='ltr'><em>ἄλογον</em></span> <span class='ocrx_word' id='word_1_55' title='bbox 816 862 878 904; x_wconf 73' lang='grc' dir='ltr'><em>καὶ</em></span> <span class='ocrx_word' id='word_1_56' title='bbox 924 861 1165 912; x_wconf 72' lang='grc' dir='ltr'><em>θαυμάσιον,</em></span> <span class='ocrx_word' id='word_1_57' title='bbox 1212 876 1324 918; x_wconf 91' lang='lat' dir='ltr'>quae</span> <span class='ocrx_word' id='word_1_58' title='bbox 1368 863 1540 919; x_wconf 85' lang='lat' dir='ltr'>plenius</span> <span class='ocrx_word' id='word_1_59' title='bbox 1585 864 1734 921; x_wconf 89' lang='lat' dir='ltr'>legun-</span> 
     </span>
     <span class='ocr_line' id='line_1_8' title="bbox 360 940 1731 992; baseline 0.001 -8"><span class='ocrx_word' id='word_1_60' title='bbox 360 946 433 984; x_wconf 88' lang='lat' dir='ltr'><em>tur</em></span> <span class='ocrx_word' id='word_1_61' title='bbox 475 942 519 983; x_wconf 92' lang='lat' dir='ltr'>in</span> <span class='ocrx_word' id='word_1_62' title='bbox 564 946 687 983; x_wconf 82' lang='lat' dir='ltr'>sexto</span> <span class='ocrx_word' id='word_1_63' title='bbox 730 941 811 982; x_wconf 88' lang='lat' dir='ltr'>lex.</span> <span class='ocrx_word' id='word_1_64' title='bbox 854 940 988 982; x_wconf 90' lang='lat' dir='ltr'>Bekk.</span> <span class='ocrx_word' id='word_1_65' title='bbox 1033 941 1146 992; x_wconf 89' lang='lat'>460,</span> <span class='ocrx_word' id='word_1_66' title='bbox 1193 941 1248 984; x_wconf 89' lang='lat'><em>8:</em></span> <span class='ocrx_word' id='word_1_67' title='bbox 1292 941 1491 984; x_wconf 75' lang='grc' dir='ltr'><em>ἄτοπον·</em></span> <span class='ocrx_word' id='word_1_68' title='bbox 1534 943 1621 984; x_wconf 77' lang='grc' dir='ltr'><em>ἀντὶ</em></span> <span class='ocrx_word' id='word_1_69' title='bbox 1664 947 1731 985; x_wconf 78' lang='grc' dir='ltr'><em>τοῦ</em></span> 
     </span>
     <span class='ocr_line' id='line_1_9' title="bbox 359 1018 1730 1079; baseline 0.001 -16"><span class='ocrx_word' id='word_1_70' title='bbox 359 1020 529 1071; x_wconf 75' lang='grc' dir='ltr'><em>ἄλογον,</em></span> <span class='ocrx_word' id='word_1_71' title='bbox 578 1019 831 1070; x_wconf 51' lang='lat' dir='ltr'><em>occumbo-tom</em></span> <span class='ocrx_word' id='word_1_72' title='bbox 867 1018 1103 1072; x_wconf 76' lang='grc' dir='ltr'><em>παράδοξον,</em></span> <span class='ocrx_word' id='word_1_73' title='bbox 1147 1018 1272 1071; x_wconf 79' lang='grc' dir='ltr'><em>ξένον,</em></span> <span class='ocrx_word' id='word_1_74' title='bbox 1323 1021 1467 1079; x_wconf 83' lang='grc' dir='ltr'><em>κακόν,</em></span> <span class='ocrx_word' id='word_1_75' title='bbox 1515 1021 1730 1075; x_wconf 82' lang='grc' dir='ltr'><em>μοχθηρόν,</em></span> 
     </span>
     <span class='ocr_line' id='line_1_10' title="bbox 359 1097 1733 1153; baseline 0.002 -11"><span class='ocrx_word' id='word_1_76' title='bbox 359 1100 425 1143; x_wconf 72' lang='grc' dir='ltr'><em>καὶ</em></span> <span class='ocrx_word' id='word_1_77' title='bbox 468 1098 485 1142; x_wconf 82' lang='grc' dir='ltr'>ὃ</span> <span class='ocrx_word' id='word_1_78' title='bbox 528 1101 584 1151; x_wconf 76' lang='grc' dir='ltr'><em>μη</em></span> <span class='ocrx_word' id='word_1_79' title='bbox 626 1100 712 1153; x_wconf 84' lang='grc' dir='ltr'><em>ἔχει</em></span> <span class='ocrx_word' id='word_1_80' title='bbox 751 1100 880 1141; x_wconf 91' lang='grc' dir='ltr'><em>τόπον.</em></span> <span class='ocrx_word' id='word_1_81' title='bbox 912 1099 977 1141; x_wconf 74' lang='grc' dir='ltr'><em>καὶ</em></span> <span class='ocrx_word' id='word_1_82' title='bbox 1010 1098 1055 1141; x_wconf 83' lang='grc' dir='ltr'><em>τὸ</em></span> <span class='ocrx_word' id='word_1_83' title='bbox 1087 1099 1364 1151; x_wconf 68' lang='grc' dir='ltr'><em>ἀνυπονόητον,</em></span> <span class='ocrx_word' id='word_1_84' title='bbox 1398 1097 1470 1143; x_wconf 80' lang='grc' dir='ltr'><em>οἷον</em></span> <span class='ocrx_word' id='word_1_85' title='bbox 1502 1099 1521 1144; x_wconf 80' lang='grc' dir='ltr'>ὃ</span> <span class='ocrx_word' id='word_1_86' title='bbox 1554 1102 1611 1153; x_wconf 73' lang='grc' dir='ltr'><em>μη</em></span> <span class='ocrx_word' id='word_1_87' title='bbox 1645 1101 1733 1145; x_wconf 84' lang='grc' dir='ltr'><em>ἔστι</em></span> 
     </span>
     <span class='ocr_line' id='line_1_11' title="bbox 358 1179 1528 1234; baseline -0.002 -10"><span class='ocrx_word' id='word_1_88' title='bbox 358 1180 548 1224; x_wconf 80' lang='grc' dir='ltr'><em>τοπάσαι.</em></span> <span class='ocrx_word' id='word_1_89' title='bbox 581 1179 648 1222; x_wconf 74' lang='grc' dir='ltr'><em>καὶ</em></span> <span class='ocrx_word' id='word_1_90' title='bbox 679 1179 837 1226; x_wconf 86' lang='grc' dir='ltr'><em>ἀτόπως</em></span> <span class='ocrx_word' id='word_1_91' title='bbox 869 1179 913 1220; x_wconf 84' lang='grc' dir='ltr'><em>τὸ</em></span> <span class='ocrx_word' id='word_1_92' title='bbox 944 1180 1139 1228; x_wconf 73' lang='grc' dir='ltr'><em>ἀσυνήθως</em></span> <span class='ocrx_word' id='word_1_93' title='bbox 1170 1179 1236 1222; x_wconf 71' lang='grc' dir='ltr'><em>καὶ</em></span> <span class='ocrx_word' id='word_1_94' title='bbox 1270 1180 1528 1234; x_wconf 72' lang='grc' dir='ltr'><em>ἀνεπιφάτως</em></span> 
     </span>
    </p>

    <p class='ocr_par' dir='ltr' id='par_1_3' title="bbox 360 1257 1762 1709">
     <span class='ocr_line' id='line_1_12' title="bbox 586 1257 1486 1312; baseline 0.001 -11"><span class='ocrx_word' id='word_1_95' title='bbox 586 1258 744 1306; x_wconf 83' lang='grc' dir='ltr'><em>ἀτόπως</em></span> <span class='ocrx_word' id='word_1_96' title='bbox 776 1257 938 1312; x_wconf 81' lang='grc' dir='ltr'><em>καθίζων</em></span> <span class='ocrx_word' id='word_1_97' title='bbox 968 1258 1077 1301; x_wconf 76' lang='grc' dir='ltr'><em>κούδὲ</em></span> <span class='ocrx_word' id='word_1_98' title='bbox 1108 1258 1341 1310; x_wconf 72' lang='grc' dir='ltr'><em>γιγνώσκειν</em></span> <span class='ocrx_word' id='word_1_99' title='bbox 1372 1260 1486 1302; x_wconf 84' lang='grc' dir='ltr'><em>δοκῶν</em></span> 
     </span>
     <span class='ocr_line' id='line_1_13' title="bbox 360 1338 1762 1393; baseline 0.001 -12"><span class='ocrx_word' id='word_1_100' title='bbox 360 1339 458 1393; x_wconf 61' lang='grc' dir='ltr'><em>φησι</em></span> <span class='ocrx_word' id='word_1_101' title='bbox 492 1339 747 1392; x_wconf 75' lang='grc' dir='ltr'><em>Φερεκράτης.</em></span> <span class='ocrx_word' id='word_1_102' title='bbox 797 1338 922 1380; x_wconf 91' lang='lat' dir='ltr'>Hunc</span> <span class='ocrx_word' id='word_1_103' title='bbox 954 1352 1122 1380; x_wconf 89' lang='lat' dir='ltr'>versum</span> <span class='ocrx_word' id='word_1_104' title='bbox 1151 1340 1381 1382; x_wconf 83' lang='lat' dir='ltr'>memoriae</span> <span class='ocrx_word' id='word_1_105' title='bbox 1404 1354 1548 1382; x_wconf 87' lang='lat' dir='ltr'>errore</span> <span class='ocrx_word' id='word_1_106' title='bbox 1571 1339 1730 1383; x_wconf 91' lang='lat' dir='ltr'>Phere-</span> <span class='ocrx_word' id='word_1_107' title='bbox 1760 1349 1762 1352; x_wconf 76' lang='grc'>’</span> 
     </span>
     <span class='ocr_line' id='line_1_14' title="bbox 363 1417 1733 1473; baseline -0.001 -10"><span class='ocrx_word' id='word_1_108' title='bbox 363 1420 473 1465; x_wconf 87' lang='lat' dir='ltr'>crati</span> <span class='ocrx_word' id='word_1_109' title='bbox 520 1419 714 1462; x_wconf 88' lang='lat' dir='ltr'>tribuere</span> <span class='ocrx_word' id='word_1_110' title='bbox 761 1417 1106 1461; x_wconf 87' lang='lat' dir='ltr'>Grammaticum</span> <span class='ocrx_word' id='word_1_111' title='bbox 1154 1422 1280 1473; x_wconf 85' lang='lat' dir='ltr'>putat</span> <span class='ocrx_word' id='word_1_112' title='bbox 1329 1419 1568 1462; x_wconf 89' lang='lat' dir='ltr'>Meinekius</span> <span class='ocrx_word' id='word_1_113' title='bbox 1616 1418 1733 1463; x_wconf 89' lang='lat' dir='ltr'>Com.</span> 
     </span>
     <span class='ocr_line' id='line_1_15' title="bbox 363 1496 1735 1553; baseline 0.001 -12"><span class='ocrx_word' id='word_1_114' title='bbox 363 1498 418 1541; x_wconf 88' lang='grc' dir='ltr'><em>ΙΙ.</em></span> <span class='ocrx_word' id='word_1_115' title='bbox 450 1498 565 1550; x_wconf 85' lang='grc'><strong>500,</strong></span> <span class='ocrx_word' id='word_1_116' title='bbox 605 1498 681 1553; x_wconf 88' lang='lat' dir='ltr'>qui</span> <span class='ocrx_word' id='word_1_117' title='bbox 713 1496 899 1553; x_wconf 88' lang='lat' dir='ltr'>Bergkio</span> <span class='ocrx_word' id='word_1_118' title='bbox 932 1502 1109 1540; x_wconf 86' lang='lat' dir='ltr'>auctore</span> <span class='ocrx_word' id='word_1_119' title='bbox 1141 1497 1185 1539; x_wconf 90' lang='lat' dir='ltr'>in</span> <span class='ocrx_word' id='word_1_120' title='bbox 1218 1498 1496 1553; x_wconf 86' lang='lat' dir='ltr'>praecedenti</span> <span class='ocrx_word' id='word_1_121' title='bbox 1527 1500 1735 1542; x_wconf 83' lang='lat' dir='ltr'>versiculo</span> 
     </span>
     <span class='ocr_line' id='line_1_16' title="bbox 363 1574 1737 1630; baseline 0 -11"><span class='ocrx_word' id='word_1_122' title='bbox 363 1577 514 1619; x_wconf 77' lang='lat' dir='ltr'>scribit</span> <span class='ocrx_word' id='word_1_123' title='bbox 556 1577 698 1626; x_wconf 82' lang='grc' dir='ltr'><em>ἔμαθον</em></span> <span class='ocrx_word' id='word_1_124' title='bbox 740 1589 821 1630; x_wconf 87' lang='lat' dir='ltr'><em>pro</em></span> <span class='ocrx_word' id='word_1_125' title='bbox 862 1574 999 1625; x_wconf 72' lang='grc' dir='ltr'><em>ἀγάθ’.</em></span> <span class='ocrx_word' id='word_1_126' title='bbox 1048 1575 1098 1617; x_wconf 92' lang='lat' dir='ltr'><em>In</em></span> <span class='ocrx_word' id='word_1_127' title='bbox 1131 1577 1370 1630; x_wconf 87' lang='lat' dir='ltr'>posteriore</span> <span class='ocrx_word' id='word_1_128' title='bbox 1403 1576 1574 1619; x_wconf 88' lang='lat' dir='ltr'>Scholio</span> <span class='ocrx_word' id='word_1_129' title='bbox 1606 1577 1737 1620; x_wconf 89' lang='lat' dir='ltr'>verba</span> 
     </span>
     <span class='ocr_line' id='line_1_17' title="bbox 362 1653 1441 1709; baseline -0.001 -10"><span class='ocrx_word' id='word_1_130' title='bbox 362 1655 384 1699; x_wconf 77' lang='grc' dir='ltr'><em>ὅ</em></span> <span class='ocrx_word' id='word_1_131' title='bbox 413 1658 517 1699; x_wconf 86' lang='grc' dir='ltr'><em>ἐστιν</em></span> <span class='ocrx_word' id='word_1_132' title='bbox 551 1656 758 1704; x_wconf 78' lang='grc' dir='ltr'><em>ὑπονοῆσαι</em></span> <span class='ocrx_word' id='word_1_133' title='bbox 793 1668 846 1696; x_wconf 88' lang='lat' dir='ltr'><em>ex</em></span> <span class='ocrx_word' id='word_1_134' title='bbox 878 1653 1095 1709; x_wconf 85' lang='lat' dir='ltr'>Hesychio</span> <span class='ocrx_word' id='word_1_135' title='bbox 1127 1654 1296 1697; x_wconf 88' lang='lat' dir='ltr'>intrusa</span> <span class='ocrx_word' id='word_1_136' title='bbox 1329 1661 1441 1698; x_wconf 88' lang='lat' dir='ltr'>sunt.</span> 
     </span>
    </p>

    <p class='ocr_par' dir='ltr' id='par_1_4' title="bbox 423 1733 1736 1785">
     <span class='ocr_line' id='line_1_18' title="bbox 423 1733 1736 1785; baseline -0.001 -7"><span class='ocrx_word' id='word_1_137' title='bbox 423 1734 526 1778; x_wconf 88' lang='lat' dir='ltr'>ibid.</span> <span class='ocrx_word' id='word_1_138' title='bbox 569 1735 625 1777; x_wconf 84' lang='lat'><em>72</em></span> <span class='ocrx_word' id='word_1_139' title='bbox 658 1733 691 1777; x_wconf 88' lang='lat' dir='ltr'>C</span> <span class='ocrx_word' id='word_1_140' title='bbox 734 1734 846 1784; x_wconf 78' lang='grc' dir='ltr'><em>ὁμοῦ</em></span> <span class='ocrx_word' id='word_1_141' title='bbox 881 1733 1069 1775; x_wconf 70' lang='grc' dir='ltr'><em>πάντα·</em></span> <span class='ocrx_word' id='word_1_142' title='bbox 1120 1734 1215 1784; x_wconf 79' lang='grc' dir='ltr'><em>ὁμοῦ</em></span> <span class='ocrx_word' id='word_1_143' title='bbox 1247 1733 1428 1783; x_wconf 73' lang='grc' dir='ltr'><em>σημαίνει</em></span> <span class='ocrx_word' id='word_1_144' title='bbox 1463 1735 1557 1777; x_wconf 78' lang='grc' dir='ltr'><em>ποτὲ</em></span> <span class='ocrx_word' id='word_1_145' title='bbox 1588 1737 1660 1785; x_wconf 86' lang='grc' dir='ltr'><em>μὲν</em></span> <span class='ocrx_word' id='word_1_146' title='bbox 1692 1735 1736 1777; x_wconf 83' lang='grc' dir='ltr'><em>τὸ</em></span> 
     </span>
    </p>

    <p class='ocr_par' dir='ltr' id='par_1_5' title="bbox 363 1812 1738 2265">
     <span class='ocr_line' id='line_1_19' title="bbox 364 1812 1736 1866; baseline -0.001 -9"><span class='ocrx_word' id='word_1_147' title='bbox 364 1815 517 1865; x_wconf 80' lang='grc' dir='ltr'><em>ἐγγύς,</em></span> <span class='ocrx_word' id='word_1_148' title='bbox 549 1816 598 1860; x_wconf 81' lang='grc' dir='ltr'><em>ὡς</em></span> <span class='ocrx_word' id='word_1_149' title='bbox 631 1814 743 1863; x_wconf 71' lang='grc' dir='ltr'><em>δηλοῖ</em></span> <span class='ocrx_word' id='word_1_150' title='bbox 772 1812 1019 1861; x_wconf 74' lang='grc' dir='ltr'><em>Δημοσθένης</em></span> <span class='ocrx_word' id='word_1_151' title='bbox 1042 1813 1079 1853; x_wconf 78' lang='grc' dir='ltr'><em>ἐν</em></span> <span class='ocrx_word' id='word_1_152' title='bbox 1101 1814 1155 1861; x_wconf 76' lang='grc' dir='ltr'><em>τῷ</em></span> <span class='ocrx_word' id='word_1_153' title='bbox 1178 1818 1248 1861; x_wconf 77' lang='grc' dir='ltr'><em>τῆς</em></span> <span class='ocrx_word' id='word_1_154' title='bbox 1271 1814 1599 1866; x_wconf 81' lang='grc' dir='ltr'><em>παραπρεσβείας</em></span> <span class='ocrx_word' id='word_1_155' title='bbox 1617 1828 1625 1836; x_wconf 92' lang='grc'><em>·</em></span> <span class='ocrx_word' id='word_1_156' title='bbox 1649 1814 1736 1856; x_wconf 85' lang='grc' dir='ltr'><em>καί·</em></span> 
     </span>
     <span class='ocr_line' id='line_1_20' title="bbox 363 1893 1738 1949; baseline -0.001 -11"><span class='ocrx_word' id='word_1_157' title='bbox 363 1912 419 1938; x_wconf 90' lang='grc' dir='ltr'><em>τοι</em></span> <span class='ocrx_word' id='word_1_158' title='bbox 463 1896 528 1938; x_wconf 80' lang='grc' dir='ltr'><em>τὸν</em></span> <span class='ocrx_word' id='word_1_159' title='bbox 572 1894 642 1945; x_wconf 79' lang='grc' dir='ltr'><em>μὲν</em></span> <span class='ocrx_word' id='word_1_160' title='bbox 681 1894 891 1946; x_wconf 67' lang='grc' dir='ltr'><em>ἀνδριάντα</em></span> <span class='ocrx_word' id='word_1_161' title='bbox 924 1897 1058 1935; x_wconf 81' lang='grc' dir='ltr'><em>τοῦτον</em></span> <span class='ocrx_word' id='word_1_162' title='bbox 1091 1893 1197 1936; x_wconf 81' lang='grc' dir='ltr'><em>οὔπω</em></span> <span class='ocrx_word' id='word_1_163' title='bbox 1231 1895 1474 1943; x_wconf 77' lang='grc' dir='ltr'><em>πεντήκοντα</em></span> <span class='ocrx_word' id='word_1_164' title='bbox 1506 1894 1573 1944; x_wconf 83' lang='grc' dir='ltr'><em>ἔτη</em></span> <span class='ocrx_word' id='word_1_165' title='bbox 1608 1895 1738 1949; x_wconf 79' lang='grc' dir='ltr'><em>φασὶν</em></span> 
     </span>
     <span class='ocr_line' id='line_1_21' title="bbox 365 1971 1737 2024; baseline -0.001 -6"><span class='ocrx_word' id='word_1_166' title='bbox 365 1975 592 2018; x_wconf 80' lang='grc' dir='ltr'><em>ἀνακεῖσθαι</em></span> <span class='ocrx_word' id='word_1_167' title='bbox 640 1972 900 2024; x_wconf 79' lang='grc' dir='ltr'><em>Σαλαμίνιοι,</em></span> <span class='ocrx_word' id='word_1_168' title='bbox 946 1972 1027 2014; x_wconf 82' lang='grc' dir='ltr'><em>ἀπὸ</em></span> <span class='ocrx_word' id='word_1_169' title='bbox 1062 1971 1236 2020; x_wconf 83' lang='grc' dir='ltr'><em>Σόλωνος</em></span> <span class='ocrx_word' id='word_1_170' title='bbox 1269 1972 1302 2014; x_wconf 86' lang='grc' dir='ltr'><em>δ’</em></span> <span class='ocrx_word' id='word_1_171' title='bbox 1334 1973 1439 2015; x_wconf 71' lang='grc' dir='ltr'><em>ἐστὶν</em></span> <span class='ocrx_word' id='word_1_172' title='bbox 1470 1975 1564 2023; x_wconf 80' lang='grc' dir='ltr'><em>ὁμοῦ</em></span> <span class='ocrx_word' id='word_1_173' title='bbox 1597 1973 1635 2016; x_wconf 84' lang='grc' dir='ltr'><em>σ’</em></span> <span class='ocrx_word' id='word_1_174' title='bbox 1670 1974 1737 2024; x_wconf 85' lang='grc' dir='ltr'><em>ἔτη</em></span> 
     </span>
     <span class='ocr_line' id='line_1_22' title="bbox 365 2052 1738 2105; baseline -0.001 -9"><span class='ocrx_word' id='word_1_175' title='bbox 365 2056 431 2097; x_wconf 74' lang='grc' dir='ltr'><em>καὶ</em></span> <span class='ocrx_word' id='word_1_176' title='bbox 465 2054 525 2105; x_wconf 87' lang='grc' dir='ltr'><em>μ’.</em></span> <span class='ocrx_word' id='word_1_177' title='bbox 558 2053 627 2096; x_wconf 75' lang='grc' dir='ltr'><em>καί</em></span> <span class='ocrx_word' id='word_1_178' title='bbox 659 2055 697 2095; x_wconf 85' lang='grc' dir='ltr'><em>ἐν</em></span> <span class='ocrx_word' id='word_1_179' title='bbox 728 2054 783 2105; x_wconf 82' lang='grc' dir='ltr'><em>τῷ</em></span> <span class='ocrx_word' id='word_1_180' title='bbox 815 2053 924 2094; x_wconf 68' lang='grc' dir='ltr'><em>κατὰ</em></span> <span class='ocrx_word' id='word_1_181' title='bbox 958 2052 1308 2104; x_wconf 79' lang='grc' dir='ltr'><em>Ἀριστογείτονος·</em></span> <span class='ocrx_word' id='word_1_182' title='bbox 1341 2053 1434 2095; x_wconf 77' lang='grc' dir='ltr'><em>εἰσὶν</em></span> <span class='ocrx_word' id='word_1_183' title='bbox 1468 2053 1563 2104; x_wconf 79' lang='grc' dir='ltr'><em>ὁμοῦ</em></span> <span class='ocrx_word' id='word_1_184' title='bbox 1591 2052 1738 2099; x_wconf 69' lang='grc' dir='ltr'><em>πάντες</em></span> 
     </span>
     <span class='ocr_line' id='line_1_23' title="bbox 365 2130 1737 2184; baseline -0.001 -9"><span class='ocrx_word' id='word_1_185' title='bbox 365 2132 547 2184; x_wconf 78' lang='grc' dir='ltr'><em>δισμύριοι</em></span> <span class='ocrx_word' id='word_1_186' title='bbox 589 2132 796 2180; x_wconf 83' lang='grc' dir='ltr'><em>Ἀθηναῖοι.</em></span> <span class='ocrx_word' id='word_1_187' title='bbox 840 2131 905 2172; x_wconf 75' lang='grc' dir='ltr'><em>καὶ</em></span> <span class='ocrx_word' id='word_1_188' title='bbox 942 2130 1161 2182; x_wconf 81' lang='grc' dir='ltr'><em>Μένανδρος</em></span> <span class='ocrx_word' id='word_1_189' title='bbox 1194 2132 1233 2172; x_wconf 83' lang='grc' dir='ltr'><em>ἐν</em></span> <span class='ocrx_word' id='word_1_190' title='bbox 1265 2133 1319 2182; x_wconf 80' lang='grc' dir='ltr'><em>τῷ</em></span> <span class='ocrx_word' id='word_1_191' title='bbox 1352 2132 1517 2174; x_wconf 82' lang='grc' dir='ltr'><em>Ἑαυτὸν</em></span> <span class='ocrx_word' id='word_1_192' title='bbox 1549 2148 1737 2183; x_wconf 87' lang='grc' dir='ltr'><em>τιμωρου-</em></span> 
     </span>
     <span class='ocr_line' id='line_1_24' title="bbox 367 2213 490 2265; baseline 0.008 -1"><span class='ocrx_word' id='word_1_193' title='bbox 367 2213 490 2265; x_wconf 76' lang='grc' dir='ltr'><em>μένῳ·</em></span> 
     </span>
    </p>

    <p class='ocr_par' dir='ltr' id='par_1_6' title="bbox 595 2288 1545 2343">
     <span class='ocr_line' id='line_1_25' title="bbox 595 2288 1545 2343; baseline 0.001 -11"><span class='ocrx_word' id='word_1_194' title='bbox 595 2290 688 2343; x_wconf 82' lang='grc' dir='ltr'><em>πρὸς</em></span> <span class='ocrx_word' id='word_1_195' title='bbox 720 2295 790 2339; x_wconf 75' lang='grc' dir='ltr'><em>τῆς</em></span> <span class='ocrx_word' id='word_1_196' title='bbox 825 2290 1020 2339; x_wconf 65' lang='grc' dir='ltr'><em>Ἀθηνᾶς,</em></span> <span class='ocrx_word' id='word_1_197' title='bbox 1055 2288 1242 2343; x_wconf 73' lang='grc' dir='ltr'><em>δαιμονᾷς</em></span> <span class='ocrx_word' id='word_1_198' title='bbox 1277 2289 1545 2340; x_wconf 80' lang='grc' dir='ltr'><em>γεγονὼς·ἔτη</em></span> 
     </span>
    </p>

    <p class='ocr_par' dir='ltr' id='par_1_7' title="bbox 367 2368 1741 2583">
     <span class='ocr_line' id='line_1_26' title="bbox 591 2368 1475 2423; baseline -0.001 -11"><span class='ocrx_word' id='word_1_199' title='bbox 591 2369 773 2423; x_wconf 79' lang='grc' dir='ltr'><em>τοσαῦθ’;</em></span> <span class='ocrx_word' id='word_1_200' title='bbox 809 2370 904 2419; x_wconf 80' lang='grc' dir='ltr'><em>ὁμοῦ</em></span> <span class='ocrx_word' id='word_1_201' title='bbox 935 2368 1015 2421; x_wconf 74' lang='grc' dir='ltr'><em>γάρ</em></span> <span class='ocrx_word' id='word_1_202' title='bbox 1048 2370 1152 2410; x_wconf 85' lang='grc' dir='ltr'><em>ἐστιν</em></span> <span class='ocrx_word' id='word_1_203' title='bbox 1187 2368 1375 2418; x_wconf 73' lang='grc' dir='ltr'><em>ἑξήκοντα</em></span> <span class='ocrx_word' id='word_1_204' title='bbox 1406 2385 1475 2411; x_wconf 92' lang='grc' dir='ltr'><em>σοι.</em></span> 
     </span>
     <span class='ocr_line' id='line_1_27' title="bbox 368 2448 1741 2503; baseline 0 -10"><span class='ocrx_word' id='word_1_205' title='bbox 368 2452 432 2493; x_wconf 77' lang='grc' dir='ltr'><em>καὶ</em></span> <span class='ocrx_word' id='word_1_206' title='bbox 476 2448 765 2503; x_wconf 69' lang='grc' dir='ltr'><em>Ἀριστοφάνης</em></span> <span class='ocrx_word' id='word_1_207' title='bbox 807 2448 1061 2502; x_wconf 68' lang='grc' dir='ltr'><em>Τριφάλητι·</em></span> <span class='ocrx_word' id='word_1_208' title='bbox 1110 2451 1132 2498; x_wconf 75' lang='grc' dir='ltr'><em>ἦ</em></span> <span class='ocrx_word' id='word_1_209' title='bbox 1165 2449 1245 2502; x_wconf 67' lang='grc' dir='ltr'><em>γὰρ</em></span> <span class='ocrx_word' id='word_1_210' title='bbox 1278 2449 1343 2490; x_wconf 84' lang='grc' dir='ltr'><em>τὸν</em></span> <span class='ocrx_word' id='word_1_211' title='bbox 1376 2448 1624 2502; x_wconf 74' lang='grc' dir='ltr'><em>ΤριΦοὶλητα</em></span> <span class='ocrx_word' id='word_1_212' title='bbox 1656 2452 1741 2493; x_wconf 88' lang='grc' dir='ltr'><em>τίκ-</em></span> 
     </span>
     <span class='ocr_line' id='line_1_28' title="bbox 367 2529 624 2583; baseline -0.012 -10"><span class='ocrx_word' id='word_1_213' title='bbox 367 2546 492 2573; x_wconf 88' lang='grc' dir='ltr'><em>τουσα</em></span> <span class='ocrx_word' id='word_1_214' title='bbox 524 2529 624 2583; x_wconf 73' lang='grc' dir='ltr'><em>φησὶ</em></span> 
     </span>
    </p>

    <p class='ocr_par' dir='ltr' id='par_1_8' title="bbox 369 2606 1254 2739">
     <span class='ocr_line' id='line_1_29' title="bbox 595 2606 1254 2658; baseline -0.002 -8"><span class='ocrx_word' id='word_1_215' title='bbox 595 2607 791 2658; x_wconf 72' lang='grc' dir='ltr'><em>λάβεσθε·</em></span> <span class='ocrx_word' id='word_1_216' title='bbox 825 2606 890 2648; x_wconf 70' lang='grc' dir='ltr'><em>καὶ</em></span> <span class='ocrx_word' id='word_1_217' title='bbox 924 2606 1002 2657; x_wconf 72' lang='grc' dir='ltr'><em>γάρ</em></span> <span class='ocrx_word' id='word_1_218' title='bbox 1036 2608 1113 2648; x_wconf 81' lang='grc' dir='ltr'><em>ἐσθ’</em></span> <span class='ocrx_word' id='word_1_219' title='bbox 1145 2608 1254 2656; x_wconf 79' lang='grc' dir='ltr'><em>ὁμοῦ.</em></span> 
     </span>
     <span class='ocr_line' id='line_1_30' title="bbox 369 2685 1203 2739; baseline -0.004 -9"><span class='ocrx_word' id='word_1_220' title='bbox 369 2688 479 2736; x_wconf 81' lang='grc' dir='ltr'><em>δηλοῖ</em></span> <span class='ocrx_word' id='word_1_221' title='bbox 507 2688 545 2729; x_wconf 80' lang='grc' dir='ltr'><em>δὲ</em></span> <span class='ocrx_word' id='word_1_222' title='bbox 577 2688 643 2729; x_wconf 75' lang='grc' dir='ltr'><em>καὶ</em></span> <span class='ocrx_word' id='word_1_223' title='bbox 676 2688 719 2729; x_wconf 82' lang='grc' dir='ltr'><em>τὸ</em></span> <span class='ocrx_word' id='word_1_224' title='bbox 753 2690 790 2729; x_wconf 85' lang='grc' dir='ltr'><em>ἐν</em></span> <span class='ocrx_word' id='word_1_225' title='bbox 822 2688 975 2739; x_wconf 79' lang='grc' dir='ltr'><em>ταύτῷ·</em></span> <span class='ocrx_word' id='word_1_226' title='bbox 1005 2685 1203 2738; x_wconf 64' lang='grc' dir='ltr'><em>“Ὀμηρος·</em></span> 
     </span>
    </p>
   </div>
   <div class='ocr_carea' id='block_1_3' title="bbox 499 2765 1607 2819">
    <p class='ocr_par' dir='ltr' id='par_1_9' title="bbox 499 2765 1607 2819">
     <span class='ocr_line' id='line_1_31' title="bbox 499 2765 1607 2819; baseline -0.002 -10"><span class='ocrx_word' id='word_1_227' title='bbox 499 2766 595 2809; x_wconf 82' lang='grc' dir='ltr'><em>ἀλλ’</em></span> <span class='ocrx_word' id='word_1_228' title='bbox 627 2767 721 2816; x_wconf 73' lang='grc' dir='ltr'><em>ὁμοῦ</em></span> <span class='ocrx_word' id='word_1_229' title='bbox 753 2768 801 2813; x_wconf 79' lang='grc' dir='ltr'><em>ὡς</em></span> <span class='ocrx_word' id='word_1_230' title='bbox 834 2766 1063 2819; x_wconf 73' lang='grc' dir='ltr'><em>ἐτράφημεν</em></span> <span class='ocrx_word' id='word_1_231' title='bbox 1095 2767 1162 2818; x_wconf 74' lang='grc' dir='ltr'><em>ἐφ’</em></span> <span class='ocrx_word' id='word_1_232' title='bbox 1195 2765 1409 2819; x_wconf 83' lang='grc' dir='ltr'><em>ὑμετέροισι</em></span> <span class='ocrx_word' id='word_1_233' title='bbox 1445 2766 1607 2816; x_wconf 78' lang='grc' dir='ltr'><em>δόμοισι.</em></span> 
     </span>
    </p>
   </div>
  </div>
 </body>
</html>
