2057 3375
901 298 958 341 49

247 440 303 485 ad
331 440 505 485 verbum
525 439 615 484 fere
638 440 847 483 convenit.
890 425 1130 496 Hesychius
1153 436 1298 489 δόξας
1314 451 1323 461 ·
1348 437 1530 487 ὃοκήσεις.
1560 436 1614 481 cf.

248 519 391 564 Schol.
423 519 555 576 Gorg.
587 519 676 562 486
711 519 760 562 D.

311 599 449 643 Schol.
479 598 670 655 Sympos.
697 598 788 642 ’186
815 598 854 641 Α
880 599 936 646 ὦς
968 596 1078 645 ἔπος
1109 597 1289 640 εἰπεῖν·
1321 598 1369 644 ὥς
1396 597 1612 651 Φαίνεται,

247 679 296 725 ὡς
326 679 365 721 ἐν
396 678 504 732 λόγῳ
529 679 666 721 εἰπεῖν.
694 681 808 721 τοῦτο
833 676 1134 731 σχηματίζεται
1166 676 1279 729 παρὰ
1310 680 1391 723 τοῖς
1427 676 1614 722 παλαίοις

249 758 316 802 καὶ
348 760 397 807 ὦς
425 760 546 803 εἰπεῖν
573 758 684 810 ἔπος,
714 757 781 801 καὶ
808 759 857 806 ὥς
889 757 980 806 ἔπος
1012 758 1158 808 εἰπεῖν,
1188 756 1254 799 καὶ
1277 758 1324 805 ὡς
1348 756 1438 804 ἔπος
1461 755 1588 810 φοέναι
1605 789 1615 807 ,

250 839 316 881 καὶ
347 835 397 886 ὥς
429 838 557 893 φάναι
589 838 692 886 ἔπος.
726 838 782 881 ἔτι
814 838 853 880 δὲ
883 837 950 880 καὶ
982 838 1045 880 διοὶ
1066 840 1163 889 μιᾶς
1185 836 1328 887 λέξεως
1349 838 1612 891 ἐκφωνεῖται,

250 916 323 962 οἷον
363 920 413 966 ὥς
455 919 583 973 φάναι
626 918 692 961 καὶ
736 920 786 965 ὡς
824 919 969 961 εἰπεῖν·
1003 909 1185 969 σὴμαίνει
1217 918 1255 960 δὲ
1287 918 1333 960 τὸ
1366 917 1477 961 αὐτό.
1515 918 1548 960 οἱ
1580 916 1620 959 δέ

250 1002 376 1052 φασιν
417 997 505 1040 ἀντὶ
549 1001 616 1041 τοῦ
658 999 707 1046 ὦς
751 997 940 1053 φαίνεται
983 998 1132 1040 κεῖσθαι
1177 996 1200 1047 ἢ
1241 997 1329 1040 ἀντὶ
1374 1000 1443 1040 τοῦ
1484 997 1533 1043 ὥς
1578 997 1617 1039 ἐν

251 1076 359 1130 λόγῳ
392 1078 528 1120 εἰπεῖν.

311 1155 433 1199 Duae
479 1156 649 1212 glossae
697 1160 819 1207 sunt,
866 1170 1051 1212 quarum
1098 1155 1216 1212 prior
1263 1158 1348 1199 est:
1396 1156 1451 1203 ὡς
1510 1154 1622 1202 ἔπος

255 1237 431 1279 εἰπεῖν·
475 1238 524 1284 ὥς
566 1237 756 1291 φαίνεται
791 1236 857 1279 καὶ
891 1238 940 1284 ὦς
973 1237 1011 1278 ἐν
1042 1235 1150 1290 λόγῳ
1182 1236 1303 1278 εἰπεῖν
1315 1268 1325 1287 ,
1362 1235 1525 1279 altera:
1567 1236 1623 1282 ὡς

256 1316 369 1363 ἔπος
403 1318 584 1359 εἰπεῖν·
617 1320 731 1360 τοῦτο
765 1315 1065 1371 σχηματίζεται
1096 1342 1156 1348 -
1187 1315 1231 1359 τὸ
1262 1315 1383 1365 αὐτό,
1409 1320 1541 1371 atque
1563 1315 1625 1358 ita

257 1396 392 1439 habet
440 1395 608 1439 Suidas.
681 1397 872 1439 Priorem
919 1397 1015 1439 vide
1062 1397 1193 1439 etiam
1244 1395 1383 1438 Schol.
1427 1395 1533 1451 Rep.
1572 1395 1621 1437 I:

263 1476 348 1518 341
384 1476 432 1518 A.
496 1475 687 1519 Alteram
724 1476 847 1519 Aelio
892 1476 1093 1532 Dionysio
1134 1474 1286 1518 tribuit
1319 1474 1621 1518 Schwartzius.

316 1553 422 1596 ibid.
465 1554 553 1597 205
596 1555 633 1597 A
671 1554 715 1597 τὸ
759 1555 894 1603 τέλος
935 1556 968 1598 οἱ
1010 1554 1181 1598 Ἀττικοὶ
1214 1554 1402 1597 τάττουσι
1435 1553 1501 1597 καὶ
1533 1554 1621 1597 ἀντὶ

260 1633 411 1683 τάξεως
445 1636 511 1677 καὶ
543 1635 759 1686 τάγματος
791 1636 858 1679 καὶ
891 1635 1092 1687 δαπάνης,
1126 1636 1226 1679 ἔνθεν
1258 1636 1275 1678 ὃ
1305 1636 1526 1684 πολυτελὴς
1557 1634 1623 1678 καὶ

260 1715 421 1762 εὐτελὴς
454 1714 520 1756 καὶ
554 1715 571 1756 ὁ
599 1716 811 1767 συντελής,
845 1716 912 1758 καὶ
945 1715 989 1759 τὸ
1020 1716 1072 1763 εἷς
1104 1715 1261 1767 γάμους
1288 1714 1514 1765 οὶνοὶλωμα,
1546 1713 1625 1756 ὅθεν

852 1795 862 1810 ἱ
911 1796 922 1810 9
971 1795 981 1810 Χ
1031 1797 1042 1810 9

260 1794 315 1837 τὰ
346 1794 565 1847 προτέλεια.
599 1795 765 1846 λέγεται
797 1812 864 1838 και
896 1812 983 1839 αντι
1016 1801 1161 1850 αρχῆς.
1220 1794 1475 1843 Θουκυδίδης·
1507 1810 1625 1848 προσ-

262 1874 378 1915 ελθὼν
427 1873 466 1915 δὲ
514 1879 593 1920 τοῖς
641 1876 816 1926 τέλεσιν,
860 1877 909 1922 ὥς
957 1876 989 1918 εἰ
1036 1875 1115 1929 ἔφη
1161 1879 1240 1921 τοῖς
1289 1876 1326 1916 ἕν
1374 1876 1482 1927 ἀρχῇ
1531 1872 1625 1917 οὖσι.

262 1953 443 2003 σημαίνει
475 1953 514 1996 δὲ
539 1947 588 1996 Ατὸ
615 1955 877 2005 ἀποτέλεσμα
899 1959 974 1997 τῶν
996 1952 1261 2008 πραγμάτων.
1285 1955 1350 1996 καὶ
1374 1954 1419 1996 τὸ
1440 1955 1628 2007 εἰσπρατ-

263 2034 421 2084 τόμενον
454 2034 527 2076 ὑπὸ
561 2038 635 2076 τῶν
667 2039 840 2077 τελωνῶν
872 2035 987 2088 χρέος
1019 2036 1132 2082 τέλος
1164 2039 1362 2078 καλεῖται.

324 2110 390 2155 Ex
421 2112 543 2155 Aelio
574 2113 779 2170 Dionysio
811 2128 892 2169 per
920 2113 1133 2157 Boethum
1155 2114 1201 2156 in
1223 2113 1396 2157 Scholia
1418 2114 1627 2170 migrasse

265 2190 486 2233 contendit
528 2190 685 2235 Naber.
731 2193 786 2235 ad
829 2191 1028 2235 Photium
1070 2192 1115 2234 in
1156 2206 1192 2234 v.
1233 2191 1346 2239 τέλος
1388 2196 1432 2235 et
1463 2192 1629 2248 Proleg.

266 2284 335 2325 pg.
369 2270 438 2312 63.
501 2270 595 2313 Hoc
631 2271 806 2326 quidem
842 2285 930 2314 non
968 2270 1297 2323 affirmaverim3
1338 2272 1414 2315 sed
1447 2287 1499 2316 ex
1537 2272 1629 2315 rhe-

266 2348 402 2392 torico
439 2349 575 2393 lexico
607 2350 852 2405 provenisse
885 2350 1011 2394 docet
1045 2350 1302 2395 Eustathius
1343 2351 1453 2404 789,
1495 2351 1550 2394 13
1589 2354 1633 2394 et

269 2428 382 2481 881,
415 2429 485 2472 27.

330 2505 470 2550 Schol.
510 2507 692 2551 Phaedr.
738 2508 827 2551 234
867 2509 904 2551 Ε
946 2509 1135 2564 φιλίου·
1182 2514 1249 2551 τοῦ
1281 2510 1335 2551 τοὶ
1370 2509 1455 2561 περὶ
1488 2510 1630 2562 φιλίας

270 2586 582 2634 ἐπισκοποῦντος.

330 2664 438 2706 Cum
470 2665 725 2708 testimoniis
759 2667 944 2709 servavit
976 2666 1178 2709 Photius:
1222 2667 1387 2718 φίλιος
1432 2667 1573 2713 Ζεύς·
1619 2668 1636 2709 ὃ

270 2744 325 2787 τοὶ
358 2744 441 2798 περὶ
475 2745 549 2791 τοὶς
582 2746 723 2799 φιλίας
757 2747 1001 2789 ἐπισκοπῶν·
1034 2746 1252 2799 Μένανδρος
1285 2745 1544 2799 Ἀνδρογύνῳ·

1483 2824 1504 2857 4
