2057 3375
876 329 929 372 61

217 465 315 509 νέοι·
356 468 377 516 ἦ
417 468 627 519 τριακοστὴ
667 471 735 515 τοῦ
767 466 884 517 μηνὸς
916 467 1042 520 ἡμέραι
1073 466 1136 517 ἔνη
1169 466 1235 510 καὶ
1269 467 1337 510 νέα
1370 470 1579 515 καλεῖται,

217 560 347 603 quam
378 547 566 603 glossam
599 560 651 590 ex
684 547 820 589 altero
855 550 952 590 utro
974 547 1177 589 Atticista
1210 546 1451 590 desumtam
1483 560 1577 589 esse

216 627 353 670 credit
384 626 618 677 Mettauer,
651 627 767 682 quod
799 627 845 668 in
877 627 1027 669 eadem
1060 628 1170 669 serie
1193 627 1309 682 apud
1331 626 1574 669 Bekkerum

214 705 383 763 legatur
414 706 469 762 gl.
503 704 661 757 ἕνδεκα,
696 719 809 762 quae
842 720 937 750 cum
961 705 1079 750 fonte
1101 705 1319 749 Eustathii
1357 706 1497 757 1595,
1520 706 1576 748 41

215 787 452 830 conveniat.
515 785 612 830 Non
642 786 781 830 habeo
814 786 929 842 quod
962 786 1132 830 addam.
1195 785 1279 829 Res
1311 787 1435 841 ipsa,
1467 799 1580 842 quae

214 865 258 907 in
292 865 465 908 Scholio
496 866 702 916 traditur,
736 866 843 908 satis
876 870 982 909 nota
1013 869 1092 908 est.

274 945 374 987 ibid.
417 944 508 988 IX:
542 945 630 987 854
670 945 706 988 B
748 945 1074 998 ἀλιτηριώδεις
1122 944 1204 986 ἀπὸ
1245 948 1321 987 τῶν
1360 944 1578 996 ἀλιτηρίων.

213 1021 314 1067 οὗτοι
360 1024 399 1066 δὲ
445 1024 631 1074 λέγονται
674 1026 718 1067 ἐκ
764 1024 886 1068 τοῦδε.
938 1024 1052 1074 λιμός
1099 1040 1197 1067 ποτε
1236 1023 1445 1074 κατέλαβε
1488 1024 1580 1071 τοὺς

213 1104 434 1152 Ἀθηναίους
450 1116 459 1126 ·
491 1108 566 1145 τῶν
597 1103 636 1145 δὲ
667 1104 861 1146 ἀλούντων
897 1105 1164 1154 ἐπιτηροῦντες
1199 1103 1231 1144 οἱ
1263 1103 1426 1152 πένητες
1458 1103 1578 1145 ἀλού-

212 1198 315 1233 μενοι
361 1183 416 1224 τὰ
462 1181 612 1235 ἄλευρα
657 1181 885 1235 διήρπαζον,
935 1183 1140 1225 κάντεῦθεν
1184 1183 1217 1224 οἱ
1260 1186 1373 1224 τοῦτο
1418 1182 1577 1235 δρῶντες

214 1262 342 1304 αὐτῶν
369 1261 586 1311 ἐκλήθησαν
617 1262 817 1315 ἀλιτήριοι.
852 1261 1053 1315 παρέτεινε
1083 1262 1129 1304 τὸ
1160 1261 1282 1312 ὄνομα
1313 1262 1379 1304 καὶ
1413 1261 1478 1304 ἐπὶ
1505 1266 1581 1304 τῶν

213 1342 321 1393 μετὰ
361 1342 457 1393 βίοις
500 1359 537 1384 τι
581 1342 784 1385 ποιούντων
829 1343 1029 1394 λέγεσθαι.
1061 1344 1291 1397 πκροέγετοιι
1325 1343 1365 1386 δὲ
1396 1343 1462 1386 καὶ
1496 1343 1579 1385 ἀπὸ

212 1425 281 1464 τοῦ
312 1420 550 1474 ἀλιτρεύειν,
583 1420 608 1464 δ’
636 1424 739 1465 ἐστιν
770 1422 1027 1475 οὶμκρτοὶνειν.

273 1501 524 1556 Dionysium
579 1501 1007 1544 Halicarnassensem
1062 1502 1144 1544 hoc
1199 1502 1357 1545 dixisse
1418 1502 1579 1545 diserte

212 1577 403 1622 affirmat
434 1579 573 1623 Schol.
600 1578 781 1635 Republ.
804 1579 860 1622 V:
885 1580 973 1623 470
996 1580 1045 1622 D.
1091 1578 1184 1622 Non
1207 1580 1341 1635 igitur
1363 1579 1577 1623 Schwart-

211 1658 302 1700 zius
333 1658 444 1701 hanc
475 1658 662 1714 glossam
695 1663 903 1713 tanquam
931 1659 1140 1701 incertam
1163 1659 1330 1701 uncinis
1352 1660 1572 1702 includere

212 1736 431 1780 debuerat.
488 1736 642 1780 Suidas
674 1741 718 1780 et
749 1743 917 1781 sextum
950 1737 1028 1780 lex.
1064 1737 1198 1781 Bekk.
1232 1738 1391 1789 377‚11
1426 1738 1577 1781 eadem

210 1817 277 1860 vel
308 1816 465 1860 similia
497 1822 734 1860 servarunt.
1296 1810 1300 1814 ’

269 1897 370 1940 ibid.
403 1896 485 1939 IX:
516 1896 603 1939 855
634 1896 667 1940 C
700 1897 878 1947 ἄτιμος
909 1899 950 1940 οὐ
983 1897 1094 1948 μόνον
1121 1899 1138 1940 ὅ
1166 1899 1478 1950 ἀπεστερημένος
1506 1904 1578 1947 τῆς

210 1976 435 2027 ἐπιτιμίοις,
480 1974 581 2018 ὥστε
623 1977 679 2025 μὴ
720 1975 922 2028 βουλεύειν
965 1978 1069 2027 μήτε
1101 1975 1266 2030 δικάζειν
1298 1977 1403 2027 μήτε
1435 1975 1575 2029 ἄρχειν

209 2056 314 2106 μήτε
356 2054 625 2098 πολιτεύεσθαι
668 2053 763 2105 μήτ’
812 2055 914 2098 ἄλλο
946 2072 984 2098 τι
1017 2059 1092 2097 τῶν
1123 2060 1250 2098 κοινῶν
1281 2060 1426 2107 ποιεῖν,
1461 2056 1575 2098 ἀλλὰ

209 2134 316 2191 (καὶ)
347 2135 413 2177 τὸν
446 2135 700 2187 ἀτιμώρητον.

271 2213 339 2256 Ad
379 2213 554 2256 verbum
594 2213 685 2257 fere
727 2213 924 2257 convenit
965 2213 1045 2257 lex.
1088 2213 1196 2258 rhet.
1228 2213 1363 2257 Bekk.
1400 2214 1577 2267 198‚26.

208 2293 353 2336 Etiam
396 2293 612 2336 Mettauer
656 2293 711 2336 ad
755 2293 981 2336 Atticistas
1023 2294 1210 2349 glossam
1249 2293 1393 2336 refert.
1458 2294 1576 2337 Alibi

208 2386 423 2428 nusquam
454 2372 622 2428 legitur,
655 2376 865 2428 quantum
899 2373 1007 2416 novi.

270 2451 410 2496 Schol.
442 2452 549 2508 Epp.
583 2452 715 2495 XIII:
748 2453 836 2495 363
869 2453 906 2495 A
949 2453 1159 2505 οέμοργὶς
1202 2453 1335 2506 κυρίως
1370 2454 1392 2502 ἦ
1425 2462 1576 2495 λινοκοι·

206 2531 345 2583 λάμη,
378 2531 422 2582 ἐξ
452 2529 494 2581 ἧς
526 2532 679 2583 γίνετκι
714 2532 917 2583 {vadam-x
945 2533 1143 2584 οὶμόργινοι
1171 2533 1192 2582 ἢ
1220 2533 1432 2584 ἀμοργίδιοι
1459 2532 1574 2583 λεγό-

206 2626 333 2663 μενοι·
377 2612 410 2654 οἱ
452 2611 490 2653 δὲ
530 2613 584 2654 τοὶ
627 2612 894 2664 παραπλήσιοι
932 2611 1083 2665 βύσσῳ.
1118 2611 1200 2654 ἔστι
1234 2611 1273 2653 δὲ
1306 2611 1473 2664 οὶμοργὶς
1508 2612 1574 2654 καὶ

207 2693 229 2742 ἦ
262 2695 330 2734 τοῦ
362 2691 493 2733 ἐλαίου
527 2689 757 2741 ὑποστάθμη
791 2691 857 2734 καὶ
892 2692 913 2740 ἧ
947 2689 1041 2744 τρὺξ
1071 2694 1139 2733 τοῦ
1172 2690 1281 2733 οἴνου.

270 2770 431 2813 Eadem
463 2769 554 2813 fere
585 2769 720 2813 habet
752 2770 934 2814 Suidas:
977 2771 1211 2822 οἷμοργίς·
1254 2770 1386 2822 κυρίως
1420 2772 1441 2819 ἦ
1475 2781 1574 2814 λινο-
