2057 3375
881 347 938 389 75

223 488 292 534 τὴν
332 486 436 536 λέξιν
477 488 559 530 nri..
608 486 716 530 Esse
759 489 903 530 autem
944 486 1026 528 hoc
1068 484 1218 535 λεξικὸν
1260 485 1447 537 ῥητορικόν
1481 482 1589 525 nihil

223 566 341 609 aliud
383 580 514 622 quam
556 566 698 609 Photii
742 565 885 616 λέξεων
927 567 1164 616 συναγωγὴν
1206 563 1353 607 docuit
1394 563 1590 606 Naberus

222 645 388 701 Proleg.
414 646 471 689 ad
497 645 619 689 Phot.
636 660 704 701 pg.
728 646 811 688 169
833 658 951 700 seqq.
973 644 1095 687 Prior
1110 645 1279 699 glossae
1296 658 1400 699 pars
1419 647 1591 685 servata

223 729 288 767 est
318 725 364 767 in
395 724 630 768 Anecdotis
662 723 931 768 Bachmanni
961 724 983 767 Ι
1013 733 1083 780 pg.
1111 723 1220 776 180,
1249 724 1289 765 4.
1314 722 1590 778 cf.Hesych.‚

222 804 421 846 Eustath.
467 805 522 846 ad
567 804 691 846 Hom.
740 803 878 856 1405,
918 804 999 855 34,
1046 803 1238 857 Apostol.
1278 802 1480 844 Proverb.
1520 803 1591 843 59.

226 882 410 937 Copiose
439 883 493 925 de
521 883 604 925 hac
634 896 734 925 voce
757 882 847 937 egit
868 881 1095 924 Ruhnken.
1117 882 1174 924 ad
1198 880 1360 923 Timaei
1383 880 1463 923 lex.
1489 880 1515 922 i.
1533 894 1584 934 v.‚

221 960 297 1016 qui
328 960 444 1005 locos
477 974 500 1004 e
532 960 714 1005 Platone
748 960 932 1017 collegit.
970 959 1111 1004 Locus
1142 960 1188 1002 in
1216 960 1363 1015 glossa
1386 958 1588 1002 laudatus

221 1043 288 1082 est
318 1039 421 1094 Rep.
454 1040 532 1083 IV:
564 1040 653 1082 432
674 1040 725 1082 D.
760 1042 821 1082 De
853 1040 1038 1090 tributo,
1073 1040 1190 1094 quod
1222 1039 1448 1082 dicebatur
1479 1039 1583 1088 βλα-

222 1118 412 1169 κεννάμιον
443 1118 538 1162 vide
570 1118 873 1171 Friedlander‚
908 1117 1293 1173 Sittengeschichte
1316 1117 1448 1160 Roms
1474 1117 1587 1172 ng.

222 1198 329 1252 346,
374 1198 426 1239 de
469 1198 726 1253 etymologia
768 1198 883 1239 vocis
931 1197 1046 1247 βλάξ
1077 1197 1217 1239 Schol.
1250 1196 1377 1251 Gorg.
1409 1196 1499 1238 488
1527 1196 1584 1244 Β,

222 1274 458 1318 Buttmann
491 1274 678 1331 Lexilog.
712 1275 756 1331 1,
790 1275 891 1318 211.
925 1275 994 1327 ΙΙ,
1028 1276 1128 1319 262.

282 1354 422 1398 Schol.
469 1355 711 1397 Parmenid.
758 1356 841 1398 127
880 1356 917 1397 Β
964 1356 1190 1398 παιδικά·
1230 1356 1296 1398 καὶ
1337 1356 1399 1398 ἐπὶ
1433 1357 1587 1404 θηλειῶν

221 1433 286 1476 καὶ
320 1433 383 1476 ἐπὶ
416 1434 574 1487 ἀρρένων
605 1434 835 1486 ε’ρωμένωνῆ
868 1434 973 1486 λέξις
1005 1434 1184 1488 εὕρηται,
1218 1436 1327 1478 κατα
1351 1434 1586 1488 μεταφορὰν

221 1511 260 1552 δὲ
302 1513 372 1559 την
418 1513 498 1553 ἀπὸ
539 1513 684 1553 τούτων
726 1515 791 1553 καὶ
828 1513 893 1553 ἐπὶ
937 1513 1094 1554 πάντων
1141 1519 1215 1554 τῶν
1263 1514 1585 1565 σπουδαζομένων

219 1589 347 1632 πάνυ·
391 1592 439 1637 ὡς
482 1590 548 1633 καὶ
581 1592 620 1634 ἐν
653 1590 800 1645 Φαίδρῳ
831 1591 1021 1643 λέγεται·
1054 1593 1327 1643 ἐσπούδακας,
1360 1590 1386 1635 ὦ
1416 1592 1582 1647 Φαῖδρε,

220 1666 276 1711 ὅτι
304 1685 372 1712 σου
398 1673 473 1712 τῶν
505 1670 689 1712 παιδικῶν
721 1670 1003 1722 ἐπελαβόμην,
1034 1674 1256 1725 ἐρεσχηλῶν
1286 1689 1342 1714 σε.
1375 1673 1458 1722 ἡδὲ
1480 1672 1584 1722 λέξις

218 1750 267 1795 ῶς
296 1749 358 1791 ἐπὶ
387 1750 432 1792 τὸ
464 1751 565 1792 πολὺ
597 1750 660 1792 ἐπὶ
694 1754 767 1792 τῶν
799 1751 984 1801 ἀσελγῶς
1016 1752 1221 1804 ἐρωμένων.

278 1829 316 1872 Α
358 1828 600 1873 Scholiasta
641 1834 844 1886 excerpta
876 1837 976 1875 sunt
1008 1845 1062 1875 ex
1094 1832 1225 1875 docta
1258 1831 1582 1884 observatione,

219 1922 348 1963 quam
382 1922 405 1950 e
436 1909 603 1951 Boetho
636 1923 829 1952 servasse
865 1910 1066 1952 Photium
1089 1911 1235 1953 docuit
1254 1910 1443 1953 Cobetus
1466 1910 1586 1952 Mne-

220 2001 324 2030 mos.
357 1987 439 2041 IX,
475 2002 543 2043 pg.
573 1987 673 2031 429.
706 1988 882 2043 Legitur
905 1989 1023 2044 apud
1046 1988 1248 2032 Photium
1272 1990 1494 2032 παιδικά·
1520 1990 1583 2031 ἐπὶ

218 2067 373 2115 θηλειῶν
413 2065 480 2108 καὶ
512 2067 670 2119 ἀρρένων
702 2067 893 2120 ἐρωμένων
926 2066 1120 2110 τάττεται
1155 2070 1177 2117 ἡ
1209 2067 1337 2118 λέξις·
1372 2068 1585 2120 παραδείγ-

217 2162 336 2196 ματα
367 2146 405 2188 δὲ
437 2151 504 2187 τοῦ
536 2146 599 2187 ἐπὶ
632 2146 704 2195 μὲν
737 2151 811 2188 τῶν
844 2146 1002 2199 ἀρρένων
1033 2147 1252 2189 τάττεσθαί
1273 2149 1391 2203 (ἐστι)
1421 2130 1556 2189 πολλοὶ
1574 2162 1582 2170 ·

218 2224 283 2267 καὶ
316 2225 355 2267 ἐν
386 2231 465 2272 τοῖς
497 2226 721 2279 Ἀχιλλέως
755 2225 787 2268 δ’
819 2227 1004 2279 ἐρασταῖς
1036 2227 1148 2275 δῆλον
1178 2228 1228 2274 ὡς
1260 2224 1378 2275 οὕτως
1401 2226 1581 2278 ἐξείληπ-

216 2319 307 2347 ται·
351 2304 555 2348 ἐπιδόντων
596 2306 676 2358 γάρ
718 2321 755 2348 τι
799 2309 873 2348 τῶν
912 2305 1098 2360 Σατύρων
1143 2307 1196 2354 εἷς
1238 2308 1307 2356 την
1349 2309 1579 2358 γυναικείαν

217 2385 443 2436 ἐπιθυμίαν,
478 2385 601 2439 φησὶν
633 2386 650 2427 ὃ
685 2385 833 2436 Φοίνιξ·

459 2470 601 2507 παπαῖ
629 2465 682 2509 τὰ
714 2466 872 2519 παιδίχ’
902 2467 951 2514 ὡς
984 2467 1070 2522 ὁρᾷς
1103 2467 1330 2515 ἀπώλεσας.

217 2544 281 2586 καὶ
314 2549 499 2598 Κρατῖνος
531 2545 762 2593 Πανόπταις
778 2560 786 2569 ·

274 2626 402 2672 μισεῖς
435 2623 514 2674 γὰρ
546 2623 621 2669 τας
653 2627 871 2673 γυναῖκας,
905 2624 996 2677 πρὸς
1029 2625 1195 2667 παιδικὰ
1228 2626 1267 2667 δὲ
1299 2626 1430 2678 τρέπει
1463 2631 1541 2670 νῦν.

211 2701 307 2744 “Ὀτι
339 2699 378 2743 δὲ
410 2701 571 2744 ἕκάλουν
602 2699 720 2749 οὕτως
752 2702 818 2744 καὶ
851 2703 906 2745 τα
938 2704 1029 2756 πρὸς
1060 2704 1135 2751 τάς
1157 2711 1352 2755 γυναῖκας
1376 2705 1575 2756 Εὔπολις·

215 2781 313 2834 φησὶ
345 2781 425 2833 γὰρ
455 2782 504 2829 ῶς
536 2780 626 2835 πρὸς
659 2781 878 2839 αὐλητρίδα
908 2798 991 2831 τις·
