2057 3375
1064 315 1121 357 76

580 454 657 504 ἐγὼ
689 453 728 495 δὲ
760 454 888 507 χαίρω
920 455 1012 506 πρός
1045 470 1096 505 γε
1127 458 1206 501 τοῖς
1238 458 1318 501 σοῖς
1351 454 1552 501 παιδικοῖς.

398 533 463 574 καὶ
506 538 691 584 Κρατῖνος
736 534 774 575 δὲ
813 534 964 585 “opusc
1006 540 1077 582 τῆς
1120 541 1337 583 παλλακῆς
1378 534 1669 584 ἀποδημοῦντος
1700 537 1768 576 τοῦ

398 610 581 655 Διονύσου
613 610 777 665 ἐρώσης,
812 611 934 665 φησὶν
969 611 1033 655 ἐπ’
1067 614 1213 656 αὐτοῦ·

578 691 768 743 μακάριος
800 695 874 733 τῶν
907 691 1106 734 παιδικῶν.

399 770 509 821 Οὐχὶ
541 771 581 811 δὲ
613 774 725 819 μόνον
755 771 787 812 οἱ
821 771 995 822 ἐρώμενοι
1027 775 1241 812 καλοῦνται
1274 773 1328 821 τῷ
1352 770 1539 819 ἐνόματι,
1562 770 1677 811 ἄλλα
1699 769 1766 811 καὶ

396 847 544 895 παντες
586 848 619 891 οἱ
661 847 962 903 σπουδαζόμενοι
1005 848 1135 900 πάνυ,
1179 849 1289 893 κατα
1321 847 1558 903 μεταφορὰν
1590 849 1660 898 την
1691 846 1767 892 ἀπ’

393 926 556 968 ἐκείνων.
600 926 771 969 Πλάτων
814 928 989 981 Φαίδρῳ·
1033 928 1306 983 ἐσπούδακας,
1348 925 1375 969 ὦ
1410 927 1579 983 Φαῖδρε,
1611 925 1668 969 ὅτι
1700 941 1768 968 σου

395 1011 470 1048 τῶν
502 1007 685 1049 παιδικῶν
717 1008 924 1058 ἐλαβόμην
957 1009 1229 1061 ἕρεσχελησων
1252 1025 1311 1050 σε.
1334 1008 1505 1058 λέγεται
1527 1008 1565 1050 δὲ
1590 1007 1767 1050 παιδικὸν

395 1084 461 1127 καὶ
504 1084 548 1127 τὸ
591 1085 844 1136 παιδαριῶδες
887 1082 959 1129 οἷον
1001 1086 1045 1128 τὸ
1092 1085 1259 1140 οὶρμόζον
1292 1086 1424 1129 παιδί·
1458 1088 1480 1137 ἡ
1513 1085 1551 1128 δὲ
1584 1084 1686 1136 λέξις
1719 1086 1768 1132 ὡς

394 1164 458 1205 ἐπὶ
492 1165 536 1206 τὸ
568 1165 670 1206 πολὺ
702 1164 766 1207 ἐπὶ
799 1169 874 1207 τῶν
905 1166 1092 1216 ἀσελγῶς
1125 1166 1327 1216 ἐρωμένων,

458 1242 671 1286 Boethum
718 1243 825 1286 haec
867 1258 921 1287 ex
959 1243 1184 1299 Pamphilo
1216 1243 1378 1287 habere
1410 1243 1651 1287 observavit
1681 1242 1768 1285 Na-

394 1322 534 1365 berus.
570 1322 623 1365 of.
657 1323 824 1378 Proleg.
858 1323 914 1365 ad
949 1322 1073 1366 Phot.
1105 1338 1172 1379 pg.
1207 1324 1263 1366 66
1297 1327 1340 1366 et
1362 1323 1507 1365 adnot.
1532 1323 1586 1364 ad
1610 1336 1766 1365 vocem.

398 1399 625 1457 Sophoclis
659 1415 807 1445 versus
841 1405 905 1445 est
937 1400 1089 1458 fragm.
1126 1401 1211 1445 165
1234 1401 1349 1458 apud
1374 1400 1568 1444 Dindorf.
1590 1399 1766 1444 Bachm.

395 1479 441 1523 in
486 1480 644 1524 Anecd.
686 1480 730 1535 Ι,
774 1481 864 1524 324
906 1480 1062 1524 edidit:
1106 1482 1155 1527 ὥς
1197 1480 1264 1532 ὁρῶ
1308 1480 1345 1523 σ’
1377 1480 1616 1536 ἀπώλεο-αν,
1650 1479 1765 1537 quod

394 1559 620 1603 Dindorfio
663 1574 686 1602 e
731 1560 984 1616 conjectura
1021 1559 1173 1603 fecisse
1207 1560 1385 1603 videtur.
1435 1559 1763 1603 Observandum

389 1641 538 1681 tamen
579 1638 666 1681 iam
708 1643 840 1682 antea
882 1638 1270 1682 Montefalconium
1316 1638 1525 1682 edidisse:
1568 1639 1616 1685 ὥς
1658 1637 1765 1691 ὁρῶσ’

390 1716 618 1764 ἀπώλεσα-τ.
668 1716 938 1762 Comicorum
980 1717 1098 1761 locos
1141 1717 1237 1760 vide
1270 1717 1388 1773 apud
1424 1716 1608 1761 Meinek.
1645 1716 1764 1761 Com.

391 1795 457 1847 H,
495 1797 601 1847 105,
635 1796 748 1848 561,
785 1797 881 1839 166.
936 1796 1082 1847 Kock,
1116 1796 1235 1840 Gom.
1268 1810 1311 1850 p.
1348 1795 1435 1837 345
1468 1796 1650 1838 coniecit
1685 1798 1763 1846 ἐγὼ

391 1875 425 1918 δ’
466 1875 623 1929 ἔχαιρον
672 1876 835 1929 πρόσθε,
885 1875 1148 1919 Herwerden
1191 1876 1269 1927 ἐγὼ
1313 1873 1352 1917 δὲ
1393 1874 1545 1928 χαίρω,
1580 1878 1763 1928 Πρῶτε,

389 1959 470 2002 τοῖς
514 1960 593 2002 σοῖς
637 1955 843 2001 παιδικοῖς.
887 1955 1081 1997 Platonis
1123 1955 1243 1997 locus
1281 1957 1347 1997 est
1379 1953 1560 1997 Phaedr.
1593 1954 1681 1997 236
1705 1954 1764 2006 B,

390 2047 520 2088 quem
561 2033 705 2084 Phot.‚
751 2032 889 2085 Suid.‚
921 2032 1098 2076 Bachm.
1130 2032 1331 2076 vitiosum
1365 2032 1594 2084 exhibent,
1629 2031 1765 2076 Scho-

389 2111 519 2155 liasta
549 2112 776 2168 integrum.

453 2190 593 2235 Schol.
626 2191 789 2235 Phileb.
824 2193 881 2235 56
904 2192 954 2235 E.
977 2192 1327 2245 τευτοὶζοντων·
1356 2192 1760 2243 πραγματευομένων,

390 2271 453 2313 ἐπὶ
487 2271 589 2314 πολὺ
631 2271 905 2325 διατριβόντων
946 2273 984 2315 ἐν
1024 2273 1079 2326 τῷ
1112 2273 1246 2325 αὐτῷ,
1284 2271 1587 2326 φροντιζόντων,
1623 2272 1645 2322 ἢ
1678 2272 1763 2314 ἐπι-

389 2354 568 2405 στρεφῶς
611 2366 649 2393 τι
691 2352 966 2405 πραττόντων,
1010 2352 1033 2401 ἢ
1073 2350 1349 2403 ἐνεργούντων,
1390 2352 1412 2401 ἢ
1444 2350 1761 2405 σπουδαζόντων·

389 2427 557 2472 ἅπαντα
585 2432 666 2483 γαρ
698 2431 860 2473 δυνατὸν
891 2432 954 2474 ἐπὶ
989 2435 1057 2474 τοῦ
1090 2431 1277 2484 παρόντος
1309 2430 1555 2481 ἐκδέξασθαι·
1579 2430 1761 2481 σημαίνει

389 2508 427 2549 δὲ
459 2510 526 2550 καὶ
559 2509 603 2551 τὸ
635 2509 914 2563 ἡσυχαζόντων
923 2542 934 2560 ,
968 2509 1036 2552 καὶ
1060 2509 1116 2551 ἔτι
1140 2509 1184 2551 τὸ
1207 2509 1532 2562 σκευωρουμένων,
1563 2510 1757 2563 ἢστραγ-

390 2589 620 2639 γευομένων,
655 2588 678 2631 δ’
705 2590 788 2631 ἐστι
810 2593 968 2635 σκολιῶς
992 2590 1255 2643 διακειμένων,
1288 2591 1380 2640 πρὸς
1409 2589 1556 2637 τούτοις
1575 2591 1641 2632 καὶ
1659 2607 1759 2632 ταυ-

389 2668 651 2718 τολογούντων
684 2671 706 2719 ἢ
739 2668 1041 2722 φλυαρούντων·
1077 2669 1305 2719 πολύσημος
1337 2670 1417 2722 γὰρ
1450 2671 1471 2719 ἦ
1506 2668 1610 2720 λέξις
1645 2669 1722 2720 ἥδε.

452 2748 574 2800 Quod
614 2749 659 2792 in
696 2750 915 2805 superiore
947 2749 1092 2806 glossa
1124 2748 1288 2792 factum
1321 2763 1415 2793 esse
1451 2750 1656 2801 vidimus,
1689 2749 1758 2792 hic
