2057 3375
902 324 959 367 83

246 465 401 520 Lyrik''
433 479 500 519 pg.
534 464 621 506 332
655 477 800 519 seqq,
834 464 907 518 qui
942 478 1061 506 suam
1084 464 1218 518 ipsius
1242 464 1485 518 opinionem
1509 478 1605 506 cum

245 547 435 586 veterum
469 543 728 586 testimoniis
762 542 905 597 (Dion.
941 542 1076 585 Halic.
1112 542 1165 585 de
1195 556 1330 598 comp.
1354 542 1467 585 verb.
1490 542 1609 596 XIX)

247 627 510 677 pugnantem
533 638 679 666 vereor
699 627 746 664 ut
770 622 971 687 cuiquam
990 621 1182 676 probet.''
1226 624 1289 664 De
1308 623 1490 664 talorum
1509 623 1609 664 ludo

248 703 421 758 scripsit
451 702 497 746 L.
531 702 648 758 Becq
680 702 735 745 de
759 700 1045 758 Fouquieres,
1066 701 1150 745 Les
1166 702 1270 757 jeux
1304 701 1379 745 des
1401 701 1609 753 Anciens‚

246 782 340 825 leur
382 782 666 837 description,
706 782 799 825 leur
830 782 1017 837 origine,
1050 782 1165 824 leurs
1198 787 1401 837 rapports
1434 796 1535 824 avec
1566 782 1610 824 la

246 861 448 917 religion,
482 861 710 912 l'histoire,
746 861 808 904 les
840 864 932 904 arts
965 864 1008 903 et
1038 860 1100 904 les
1130 875 1312 904 moeurs.
1344 860 1466 904 Paris
1495 861 1608 903 1873

247 939 320 995 (de
352 953 436 995 quo
468 940 577 982 libro
612 940 778 986 consuli
809 942 954 995 potest
985 938 1181 982 Naberus
1214 940 1257 981 in
1300 939 1454 991 „Gids”
1496 940 1610 982 1875

246 1033 391 1061 mense
425 1019 580 1061 Martio
612 1034 680 1075 pg.
713 1020 800 1061 542
829 1022 978 1073 seqq.).
1017 1019 1083 1060 Ad
1107 1019 1220 1060 hunc
1243 1019 1332 1073 (pg.
1357 1019 1444 1060 325
1469 1022 1609 1073 seqq.)

246 1097 385 1141 refero
429 1097 481 1141 de
525 1097 813 1153 explicatione
856 1097 996 1140 iactus
1040 1096 1324 1153 „Euripidis”
1355 1096 1608 1140 Callimachi

244 1192 391 1221 versus
437 1181 502 1220 est
545 1176 831 1233 fragmentum
866 1178 972 1229 2393
1018 1176 1239 1220 Strattidis
1283 1192 1429 1220 versus
1465 1177 1610 1232 (Mein.

245 1256 360 1300 Gom.
393 1256 446 1299 ΙΙ.
480 1257 586 1311 771)
613 1260 780 1311 spectat
804 1257 859 1298 ad
882 1256 1193 1299 Theramenem
1216 1256 1532 1299 Atheniensem.
1558 1256 1609 1298 cf.

247 1334 366 1379 Cohn
398 1335 465 1378 1.1.
498 1350 568 1391 pg.
601 1335 707 1388 3603
736 1334 901 1379 Cratini
922 1349 1091 1378 versum
1113 1341 1363 1391 corruptum
1387 1335 1448 1378 sic
1471 1350 1605 1378 emen-

246 1415 350 1459 dare
383 1420 565 1458 conatur
597 1414 726 1458 Mein.
758 1415 814 1458 II.
851 1415 957 1458 113:

910 1491 945 1536 οἳ
976 1494 1047 1550 (εἰ)
1080 1496 1286 1541 Διονυσίοις

486 1574 645 1619 οὶκύλοις
677 1574 737 1615 ἀεὶ
771 1572 949 1626 παίζουσ’
980 1572 1168 1623 ἀνειμένοι
1203 1574 1343 1631 τρόποι.

244 1652 308 1696 De
339 1651 564 1708 Eupolidis
596 1666 721 1695 versu
753 1652 846 1695 vide
881 1651 1006 1695 Mein.
1040 1652 1095 1695 II.
1128 1652 1228 1697 539.

302 1731 440 1775 Schol.
473 1731 601 1786 Gorg.
633 1731 719 1773 451
754 1732 791 1774 Ε
822 1732 1007 1774 σκόλιον
1039 1732 1204 1782 λέγεται
1239 1735 1260 1781 ἦ
1290 1732 1477 1784 παροίνιος
1509 1733 1604 1785 ᾠδή,

242 1812 291 1857 ὡς
316 1811 388 1861 μὲν
415 1811 658 1863 Δικαίαρχος
687 1813 724 1853 ἐν
748 1814 801 1863 τῷ
819 1813 901 1862 περὶ
920 1816 1109 1860 μουσικῶν
1126 1812 1286 1861 abachum
1300 1846 1310 1860 ‚
1330 1811 1386 1853 ὅτι
1404 1814 1492 1863 τρίοε
1510 1811 1602 1862 γένη

243 1886 286 1938 ἦν
316 1888 438 1943 ᾠδῶν,
469 1888 514 1931 τὸ
546 1889 616 1939 μὲν
645 1890 718 1931 ὑπὸ
748 1889 904 1932 πάντων
921 1890 1122 1944 ᾀδόμενον,
1147 1890 1210 1946 (τὸ
1227 1890 1285 1946 δὲ)
1302 1891 1387 1932 καθ’
1406 1889 1473 1932 ἕνα
1492 1889 1602 1940 ἑξῆς,

241 1967 286 2009 τὸ
312 1968 350 2009 δὲ
378 1968 451 2009 ὑπὸ
478 1972 552 2009 τῶν
578 1968 872 2017 συνετωτάτων,
902 1970 951 2015 ὠς
980 1969 1102 2021 ἔτυχε
1130 1976 1178 2021 τῇ
1210 1968 1343 2018 τοέξει·
1374 1968 1454 2018 ὃδὴ
1471 1975 1604 2011 κοιλεῖ-

241 2048 328 2089 σθαι
362 2046 524 2089 σκόλιον.
554 2048 601 2094 ὡς
630 2048 668 2089 δὲ
696 2046 957 2099 Ἀριστόξενος
982 2049 1046 2089 καὶ
1067 2047 1212 2094 Φύλλις
1232 2048 1474 2102 ὂμουσικός,
1492 2047 1550 2090 ὅτι
1568 2050 1605 2090 ἐν

241 2131 319 2172 τοῖς
361 2127 508 2175 γάμοις
551 2126 634 2177 περὶ
681 2127 778 2176 μίαν
820 2126 1019 2178 τράπεζαν
1054 2128 1208 2173 πολλὰς
1242 2128 1379 2172 κλίναις
1412 2128 1603 2177 τιθέντες,

240 2205 351 2255 παρὰ
388 2204 499 2255 μέρος
534 2203 622 2253 ἑξῆς
649 2204 832 2256 μυρρίναις
865 2204 1024 2257 ἔχοντες
1058 2205 1079 2253 ἢ
1113 2204 1294 2258 δάφναις,
1327 2203 1410 2258 ᾖδον
1442 2207 1604 2256 γνώμαις

240 2283 304 2323 scal
349 2283 509 2334 ἐρωτικαὶ
550 2283 726 2324 σύντονα.
762 2285 783 2332 ἦ
817 2283 855 2324 δὲ
888 2283 1055 2335 περίοδος
1088 2284 1228 2325 σκολιὰ
1260 2285 1408 2333 ἐγίνετο
1442 2285 1503 2325 διὰ
1537 2287 1605 2333 τὴν

240 2359 409 2402 σύνθεσιν
451 2365 525 2403 τῶν
568 2365 704 2403 κλινῶν
741 2362 804 2403 ἐπὶ
837 2347 1058 2411 οἰκημάτων
1089 2363 1336 2413 πολυγωνίων
1367 2365 1502 2414 οὐσῶν,
1537 2364 1603 2406 καὶ

238 2438 361 2491 τούτῳ
387 2439 452 2481 καὶ
480 2439 555 2486 τὰς
583 2440 647 2482 ἐπ’
678 2441 806 2487 αὐτὰς
836 2441 1096 2488 κατακλίσεις
1114 2441 1396 2493 παραβύστους
1414 2444 1601 2492 γίνεσθαι.

238 2522 279 2563 οὐ
310 2520 373 2563 διὰ
404 2525 473 2570 τὴν
505 2522 735 2572 μελοποιίαν
769 2520 844 2573 οὖν,
877 2523 940 2565 διοὶ
972 2523 1011 2565 δὲ
1043 2524 1113 2570 τὴν
1143 2529 1212 2571 τῆς
1241 2525 1417 2576 μυρρίνης
1445 2525 1603 2567 σκολιὰν

238 2599 414 2649 διάδοσιν,
448 2601 575 2652 ταύτῃ
609 2601 674 2641 κοεὶ
709 2602 783 2646 τοὶς
815 2601 916 2653 ᾠδὰς
948 2603 1108 2647 σκολιὰς
1142 2604 1360 2645 καλεῖσθαι.

297 2678 490 2722 Boethus
523 2679 847 2723 adnotationem
870 2680 1096 2736 Pamphilo
1121 2681 1329 2733 debebat,
1351 2681 1602 2737 Pamphilus

240 2757 431 2815 Didymo.
475 2758 526 2801 cf.
571 2758 726 2802 Naber.
766 2759 824 2802 ad
856 2758 977 2802 Phot.
1010 2760 1055 2802 in
1086 2774 1121 2802 v.
1153 2759 1277 2803 Prior
1309 2760 1467 2803 Scholii
1499 2775 1602 2817 pars

1433 2840 1469 2872 6*
