2057 3375
1062 306 1119 348 88

399 446 485 487 tius
516 444 719 486 servavit:
762 448 974 497 φαῦλον·
1018 445 1063 485 τὸ
1094 445 1269 487 ἁπλοῦν·
1301 446 1368 487 καὶ
1402 447 1613 498 Εὐριπίδης
1645 448 1684 488 ἐν
1719 450 1773 500 τῷ

402 523 625 577 Λικυμνίῳ·

581 608 760 656 φαῦλον,
794 602 1003 654 ἄκομψον,
1039 604 1093 644 τοὶ
1126 604 1291 653 μέγιστ’
1321 605 1499 653 άγαθόν·

399 684 551 727 οὶπλοῦν
592 685 657 725 καὶ
700 682 885 735 άπόνηρον
927 684 1080 733 λέγων·
1125 683 1209 726 ἔστι
1253 685 1285 726 δ’
1317 682 1383 727 ὅτε
1417 686 1566 727 τίθεται
1600 685 1666 727 καὶ
1702 686 1766 727 ἐπὶ

401 767 523 804 κακοῦ
556 763 622 803 καὶ
656 767 724 803 τοῦ
756 763 970 815 τυχόντος·
1005 763 1176 804 Πλάτων
1207 764 1245 804 ἐν
1273 765 1327 816 τῷ
1355 764 1438 816 περὶ
1469 768 1636 817 ψυχῆς·
1666 768 1774 816 φαῦ-

401 855 467 884 λον
501 845 700 894 πρᾶγμα,
736 843 839 895 ἔφη,
875 843 1007 893 Κέβης
1039 843 1196 896 ζητεῖς·
1230 845 1354 890 τεθείη
1384 844 1417 885 δ’
1444 844 1492 886 ἂν
1520 847 1586 886 καὶ
1615 845 1679 887 ἐπὶ
1706 848 1774 886 τοῦ

401 920 591 973 τυχόντος
635 917 707 962 οἷον
752 924 910 973 φαῦλον
953 925 1130 974 πρᾶγμα
1174 920 1286 964 ἔσται
1329 922 1375 965 τὸ
1418 922 1542 975 τυχὸν
1573 925 1772 975 πρᾶγμα·

403 1000 467 1042 καὶ
502 1000 564 1042 ἐπὶ
598 1003 666 1042 τοῦ
697 1000 836 1047 άπλῶς
868 1001 992 1049 τεθείη
1027 1000 1076 1042 ἂν
1108 1001 1199 1052 πρὸς
1234 999 1319 1058 [τῷ]
1347 1003 1388 1043 οὐ
1415 1002 1460 1044 τὸ
1487 1003 1632 1055 τυχόν·
1660 1002 1776 1044 Πλά-

402 1092 501 1121 των·
545 1080 724 1131 πρᾶγμα
767 1079 799 1120 δ’
843 1078 956 1121 ἔσται
999 1080 1048 1126 ὡς
1089 1079 1206 1122 ἔοικεν
1245 1081 1287 1122 οὐ
1331 1084 1488 1130 φαῦλον
1519 1080 1601 1123 οὐδὲ
1632 1082 1776 1134 μικροῖς

402 1158 577 1209 δεόμενον
608 1159 746 1211 αἱρετῆς
765 1172 774 1181 ·
807 1159 991 1201 τάττοιτο
1025 1160 1057 1201 δ’
1091 1159 1139 1201 ἂν
1171 1160 1236 1201 καὶ
1271 1161 1334 1201 ἐπὶ
1363 1163 1431 1202 τοῦ
1460 1161 1654 1213 μοχθηροῦ
1679 1158 1774 1203 ὅταν

402 1236 778 1286 άντιδιαστέλληται
827 1238 917 1290 πρὸς
968 1238 1013 1279 τὸ
1056 1239 1286 1287 σπουδαῖον,
1330 1240 1378 1285 ὡς
1418 1239 1588 1281 Πλάτων
1607 1254 1616 1264 ·
1650 1240 1774 1281 δοῦλοι

403 1317 483 1370 γὰρ
523 1316 589 1358 καὶ
634 1316 822 1359 δεσπόται
865 1316 1037 1359 οὐδέποτ’
1070 1315 1118 1359 ἂν
1150 1318 1317 1367 γένοιντο
1349 1318 1458 1372 φίλοι
1492 1317 1567 1361 0233·
1600 1319 1638 1360 ἐν
1671 1315 1772 1364 ἴσαις

403 1400 538 1444 τιμαῖς
571 1395 831 1444 διαγενόμενοι
864 1400 1013 1448 φαῦλοι
1046 1396 1111 1436 καὶ
1146 1397 1369 1437 σπουδαῖοι·
1410 1398 1533 1444 τεθείη
1567 1397 1598 1437 δ’
1626 1396 1674 1438 ἂν
1704 1397 1770 1438 καὶ

405 1473 468 1516 ἐπὶ
501 1477 570 1516 τοῦ
603 1473 812 1523 μεγάλου·
850 1477 1059 1526 Σοφοκλῆς
1091 1474 1418 1527 Αἶχμαλωτίσιν·

585 1553 633 1594 E}
665 1553 796 1605 μικρὸς
829 1552 877 1594 ὢν
909 1553 962 1594 τοὶ
996 1556 1144 1604 φαῦλα
1177 1554 1335 1601 νικήσας
1368 1553 1471 1604 ἔχω·

403 1630 470 1673 καὶ
514 1631 579 1673 ἐπὶ
621 1635 689 1674 τοῦ
732 1631 881 1685 ῥᾳδίου·
930 1631 1139 1678 Πολιτείας
1173 1631 1227 1672 δ’·
1272 1632 1337 1673 καὶ
1370 1631 1528 1682 φαῦλόν
1561 1647 1636 1682 γε,
1673 1632 1775 1686 ἔφη,

402 1709 492 1758 ἴσως
520 1713 652 1757 αὐτοῖς
682 1710 972 1762 προστάξομεν·
1002 1710 1068 1751 καὶ
1101 1710 1236 1752 τούτου
1267 1711 1298 1751 δ’
1316 1711 1393 1762 ἐγὼ
1421 1711 1477 1752 ἔτι
1505 1711 1771 1762 φαυλότερον·

403 1789 598 1833 τάττεται
639 1790 704 1830 καὶ
742 1790 808 1832 ἐπὶ
841 1793 908 1832 τοῦ
942 1793 1077 1841 μικροῦ
1109 1788 1175 1831 καὶ
1208 1791 1576 1843 εὐκαταφρονήτου,
1609 1791 1657 1836 ὡς
1695 1798 1777 1838 Δη-

403 1868 611 1918 μοσθένης·
653 1869 719 1911 καὶ
751 1868 814 1911 ἐπὶ
847 1873 915 1911 τοῦ
946 1872 1132 1911 ταπεινοῦ
1164 1870 1212 1915 ὥς
1245 1871 1385 1915 Ἰσαῖος
1421 1871 1459 1910 ἐν
1495 1870 1549 1923 τῷ
1583 1870 1666 1922 περὶ
1701 1873 1776 1911 τῶν

404 1949 673 2001 ἀποφάσεων·
699 1950 765 1990 καὶ
799 1949 861 1991 ἐπὶ
896 1949 1079 1997 πένητος·
1113 1947 1180 1989 καὶ
1215 1947 1278 1990 ἐπὶ
1311 1952 1378 1990 τοῦ
1412 1947 1572 1997 άδόξου·
1606 1948 1672 1989 καὶ
1710 1949 1775 1989 ἐπὶ

405 2032 473 2071 τοῦ
505 2028 683 2077 ἀνοήτου.
728 2027 780 2072 cf.
812 2026 969 2071 Naber.
1002 2026 1060 2070 ad
1091 2026 1204 2070 hanc
1236 2026 1316 2082 gl.,
1349 2026 1494 2070 Cobet.
1528 2026 1684 2070 Mnem.
1717 2027 1780 2070 IX

407 2121 478 2163 pg.
519 2107 620 2150 432.
662 2107 768 2150 Loci
809 2106 976 2150 laudati
1020 2112 1122 2149 sunt
1161 2106 1310 2162 Eurip.
1342 2105 1393 2149 fr.
1426 2106 1540 2158 476,
1576 2105 1779 2162 Sophocl.

407 2186 458 2229 fr.
501 2187 557 2230 39
601 2187 703 2241 ibiq.
746 2186 940 2230 Dindorf.
984 2186 1091 2229 Plat.
1132 2185 1293 2229 Phaed.
1335 2186 1393 2228 95
1433 2186 1492 2240 E,
1527 2185 1654 2242 Legg.
1687 2186 1778 2228 XI:

409 2266 496 2308 918
533 2266 590 2322 C,
622 2265 706 2308 VI:
741 2266 827 2309 756
861 2266 920 2318 Ε,
953 2266 1060 2322 Rep.
1095 2265 1182 2309 IV:
1216 2266 1305 2308 423
1337 2265 1381 2309 C.

469 2345 571 2388 ibid.
605 2344 668 2387 V:
701 2344 792 2388 475
824 2345 860 2388 E
902 2346 1049 2387 παίδων
1092 2345 1326 2395 αἰνίγματι·
1370 2346 1578 2397 Κλεάρχου
1609 2346 1749 2398 γρίφος
1770 2360 1779 2369 ·

612 2421 715 2473 αἷνός
748 2426 807 2473 τίς
839 2425 943 2468 ἐστιν
973 2425 1022 2472 ὡς
1054 2425 1147 2478 άνήρ
1180 2441 1224 2467 τε
1256 2425 1347 2468 κούκ
1377 2425 1470 2478 οὶννίρ

612 2504 734 2555 ὄρνιθα
766 2505 859 2545 κούκ
889 2502 993 2555 ὄρνιθ’
1025 2505 1109 2545 ἰδών
1140 2520 1186 2545 τε
1218 2506 1310 2546 κούκ
1342 2504 1448 2556 ἰδών,

613 2582 676 2625 ε’πὶ
708 2581 828 2633 ξύλου
859 2599 904 2625 τε
935 2584 1002 2625 κού
1036 2581 1154 2632 ξύλου
1185 2583 1402 2632 καθημένην

613 2661 704 2714 λίθῳ
735 2678 780 2704 τε
811 2662 877 2703 κοῦ
909 2663 1001 2715 λίθῳ
1030 2660 1151 2712 βάλοι
1184 2678 1229 2704 τε
1261 2662 1327 2705 κοῦ
1359 2661 1492 2713 βάλοι.

405 2741 570 2789 ’Άλλως
586 2756 596 2765 ·
