2057 3375
912 322 940 365 9

241 461 388 503 λίθον·
422 443 519 507 τινὲς
543 462 614 510 τὴν
635 466 850 513 Μαγνῆτιν
872 461 1072 504 ἀπέδοσαν
1101 461 1163 504 διὰ
1188 462 1257 510 τὴν
1281 460 1515 512 Ἡρακλείαν
1538 465 1608 508 τῆς

241 541 509 591 Μαγνησίας·
560 540 642 582 ἔνιοι
692 540 732 582 δὲ
778 532 835 582 ‹Ji-1
884 542 906 590 ἡ
955 541 1028 590 μὲν
1070 540 1319 590 ἐπισπωμένη
1362 540 1428 583 τὸν
1465 540 1610 592 σίδηρον

241 621 528 672 Ἡρακλεῶτις,
562 621 583 667 ἦ
618 619 657 661 δὲ
689 625 902 669 Μαγνῆτις
935 621 1049 669 ὁμοία
1081 620 1187 661 ἐστὶν
1215 620 1370 673 ἀργύρῳ
1391 620 1472 661 κτὲ.
1514 618 1609 661 Dio-

240 697 412 752 geniani
455 698 643 752 glossam
685 697 731 739 in
773 697 841 740 his
885 698 1025 740 inesse
1058 712 1143 741 non
1176 702 1241 741 est
1272 712 1350 740 cur
1381 711 1608 752 negemus;

244 776 529 820 Scholiastam
562 780 707 819 autem
734 777 834 819 hinc
865 791 945 819 sua
975 778 1208 833 sumpsisse
1231 777 1490 833 persuadere
1508 776 1611 819 mihi

242 870 328 900 non
360 857 505 911 potui,
538 859 768 911 postquam
802 857 907 909 vidi,
938 857 984 898 in
1015 857 1154 912 ipsius
1188 857 1443 912 Diogeniani
1472 856 1609 899 lexico

243 935 358 991 apud
404 934 664 990 Hesychium
694 936 882 990 glossam
915 949 1138 991 superesse
1172 936 1323 978 iisdem
1356 936 1485 990 plane
1517 949 1610 977 ver-

242 1014 309 1057 bis
329 1017 600 1069 conceptam,
618 1013 774 1069 quibus
793 1013 1038 1057 Scholiasta
1055 1015 1252 1057 servavit.
1272 1014 1429 1057 Evolve
1444 1027 1609 1056 mecum

243 1093 527 1148 Hesychium‚
575 1092 691 1148 apud
735 1107 862 1147 quem
893 1083 1112 1147 legimus:
1160 1100 1420 1144 Μαγνῆτις
1463 1094 1607 1140 λίθος·

243 1170 343 1222 αὕτη
386 1177 523 1226 πλανᾷ
567 1174 636 1220 τὴν
678 1171 785 1225 ὄψιν,
829 1172 982 1226 ἀργύρῳ
1020 1172 1194 1226 ἐμφέρης
1226 1171 1334 1216 οὖσα.
1369 1175 1390 1222 ἡ
1423 1172 1462 1214 δὲ
1494 1175 1608 1224 Ἡρα-

242 1256 402 1299 κλεῶτις
431 1253 496 1294 τὸν
527 1252 671 1303 σίδηρον
704 1253 941 1294 ἐπισπᾶται.
986 1251 1115 1294 Errat
1139 1252 1269 1307 igitur
1301 1252 1364 1294 vir
1388 1252 1490 1295 clar.
1526 1251 1610 1295 Na-

243 1332 371 1374 berus
405 1332 569 1386 Proleg.
603 1331 658 1373 ad
682 1331 881 1374 Photium
906 1346 976 1387 pg.
1000 1332 1058 1374 63
1083 1330 1306 1374 affirmans
1330 1331 1611 1386 „Diogeniani

242 1412 452 1467 glossam,
491 1425 603 1467 quae
646 1426 672 1455 a
719 1411 960 1455 Scholiasta
1006 1415 1177 1455 servata
1209 1411 1290 1464 sit,
1323 1411 1441 1467 apud
1475 1410 1608 1467 Hesy-

244 1492 384 1534 chium
434 1491 674 1534 interiisse’'
728 1495 859 1546 atque
911 1491 1069 1533 iniuria
1118 1490 1373 1533 Ruhnkenio
1421 1504 1610 1533 errorem

242 1571 499 1625 exprobrat,
531 1571 606 1626 qui
649 1585 739 1613 rem
782 1574 897 1613 recte
929 1571 1201 1625 perspexisse
1234 1570 1337 1612 mihi
1369 1554 1536 1613 videtur
1566 1570 1610 1612 in

242 1648 516 1693 Praefatione
549 1650 605 1693 ad
637 1649 843 1707 Hesychii
877 1650 1045 1693 lexicon
1077 1664 1144 1706 pg.
1177 1663 1238 1692 XI.

302 1729 480 1772 Praeter
526 1729 640 1772 hanc
685 1729 872 1785 glossam
922 1733 1009 1772 tres
1057 1729 1102 1771 in
1152 1728 1332 1771 Scholiis
1378 1732 1610 1771 occurrunt

243 1809 499 1864 Diogeniani
532 1810 704 1852 nomine
737 1809 980 1863 adscript03
1015 1812 1115 1851 sunt
1147 1812 1291 1851 autem
1323 1809 1427 1851 hae:

304 1887 444 1932 Schol.
476 1887 616 1944 Lysid.
649 1888 737 1930 206
771 1887 826 1930 D:
865 1888 1098 1941 Ἑρμαῖα·
1121 1888 1287 1939 λέγεται
1310 1887 1349 1931 δὲ
1370 1887 1436 1930 καὶ
1465 1886 1610 1929 παίδων

246 1966 364 2015 οὕτως
396 1969 504 2019 ἀγὼν
537 1967 648 2021 παρα
684 1969 957 2020 Συρακοσίοις,
992 1966 1039 2014 ὥς
1077 1972 1174 2021 φησι
1208 1967 1467 2018 Διογενιανός.

304 2048 432 2103 Apud
463 2047 727 2103 Hesychium
759 2047 911 2101 periit,
949 2060 1089 2101 neque
1121 2047 1224 2089 alibi
1258 2050 1489 2102 comparet.

303 2126 442 2169 Schol.
477 2126 607 2181 Hipp.
641 2125 741 2169 Mai.
775 2126 856 2169 301
885 2126 933 2169 B.
966 2126 1185 2175 διανεκῆ·
1222 2127 1284 2168 δια
1316 2127 1476 2172 παντός.
1515 2124 1610 2167 οὕτω

242 2206 310 2248 καὶ
344 2206 604 2257 Διογενιανός.

304 2285 442 2328 Schol.
484 2284 612 2341 Legg.
642 2284 728 2327 IV:
763 2284 848 2327 718
873 2286 918 2327 E.
952 2285 1152 2327 ἀνιδιτί·
1184 2285 1381 2338 ἀνιδρωτί,
1415 2287 1463 2333 ὡς
1496 2286 1533 2325 ἐν
1556 2285 1609 2335 τῷ

243 2366 490 2418 Διογενιανῷ.

304 2444 546 2501 Supersunt
578 2444 695 2500 apud
728 2443 1012 2501 Hesychium,
1047 2444 1184 2488 altera
1221 2446 1391 2499 (ἀνιδιτί)
1424 2444 1610 2488 fortasse

243 2524 360 2579 apud
392 2523 580 2567 Suidam.

305 2602 421 2655 Quas
454 2603 622 2659 glossas
654 2603 816 2665 nullam
850 2617 1025 2647 causam
1054 2604 1152 2647 novi
1175 2618 1250 2647 cur
1272 2604 1415 2658 potius
1438 2603 1610 2646 aliunde

243 2697 270 2726 a
311 2682 554 2727 Scholiasta
584 2682 745 2739 petitas
778 2697 871 2726 esse
903 2687 1103 2738 putemus
1135 2697 1264 2738 quam
1297 2697 1350 2726 ex
1380 2683 1476 2738 ipso
1511 2683 1611 2726 Dio-

245 2763 419 2821 geniani
462 2763 610 2807 lexico.
674 2762 758 2807 Sed
801 2762 935 2807 multo
968 2762 1117 2820 plures
1148 2763 1193 2805 in
1226 2761 1407 2806 Scholiis
1440 2763 1610 2819 glossae
