2057 3375
880 310 937 352 23

276 448 442 492 Eadem
475 448 650 502 Suidas,
685 453 837 493 contra
867 449 1048 506 Hesych.
1076 450 1311 501 γάνυται·
1341 450 1494 503 χαίρει,
1525 451 1584 492 εὐ-

215 529 448 579 Φραίνεται,
491 529 791 581 λαμπρύνεται,
836 529 903 571 καὶ
947 534 1079 584 γελᾷ,
1124 528 1270 580 ἥδεται.
1312 534 1355 573 et
1385 530 1587 580 γανύσε-

216 620 318 649 ται·
346 608 592 661 χαρήσεται,
621 608 928 662 διαχυθήσεται,
952 607 1234 658 αὐξηθήσεται,
1261 610 1585 662 εὐφρανθήσεται.

217 685 270 730 cf.
302 686 442 731 Lexic.
475 688 632 732 rhetor.
666 688 799 732 Bekk.
832 676 946 741 2302
980 690 1002 732 7
1036 693 1080 732 et
1111 690 1149 732 9.
1201 688 1314 732 Vera
1347 688 1486 732 forma
1519 692 1585 732 est

218 766 426 818 γάνυσθαι.

278 845 418 890 Schol.
454 846 559 902 Rep.
597 847 685 890 IH:
725 847 811 889 411
842 847 881 889 A
918 848 1280 899 γεγανωμένος·
1326 858 1584 899 λελαμπρυσ-

217 925 343 975 μένος.
876 922 878 924 ’

279 1004 398 1047 Idem
429 1004 574 1059 Phot.;
609 1005 792 1061 Hesych.
825 1005 1102 1057 γεγανωμένή·
1138 1006 1494 1058 λελαμπρυσμένή.

280 1083 418 1128 Schol.
465 1084 595 1140 Legg.
643 1084 758 1128 XII:
803 1086 891 1128 962
919 1084 952 1128 C
993 1085 1247 1138 τοπάζειν·
1292 1085 1581 1138 στοχάζεσθαι,

218 1163 482 1215 ἐνθυμεῖσθαι,
516 1163 708 1214 ὑπονοεῖν,
741 1163 807 1206 καὶ
843 1163 1050 1206 ὑποτοπεῑν
1083 1164 1133 1206 δέ.

278 1243 454 1286 Photius
486 1244 592 1286 satis
624 1248 826 1286 accurate
859 1244 1067 1286 convenit.
1089 1243 1270 1298 Hesych.
1296 1243 1477 1294 similia,
1506 1244 1583 1286 sed

221 1338 251 1367 s.
283 1323 488 1366 lemmatt.
520 1321 682 1376 τοπάζει
716 1325 760 1365 et
791 1322 978 1365 τοπάσαι.
1011 1321 1075 1366 cf.
1109 1321 1251 1366 Schol.
1274 1322 1401 1379 Gorg.
1431 1322 1520 1366 489
1539 1323 1583 1367 G.

281 1402 421 1446 Schol.
453 1402 628 1445 Axioch.
664 1402 752 1444 364
778 1402 814 1444 Β
852 1402 1181 1455 ἐπιτωθάζων·
1215 1402 1581 1454 ε’πιλοιδορούμενος,

220 1481 242 1531 ἢ
276 1482 549 1533 ἐπεμβαίνων,
585 1481 607 1531 ἢ
640 1481 848 1535 χλευάζων
877 1484 925 1530 ὡς
959 1486 1040 1533 νῦν,
1076 1483 1098 1532 ἢ
1131 1483 1400 1535 καυχώμενος.

280 1561 399 1605 Idem
433 1561 598 1605 Suidas.
632 1561 685 1605 cf.
716 1561 905 1618 Hesych.
940 1562 984 1605 in
1016 1576 1078 1605 vv.
1110 1562 1336 1615 ἐπιτωθάζει
1370 1566 1413 1605 et
1444 1562 1585 1605 ἐπιτω-

220 1640 411 1694 θάζοντες.

282 1719 345 1762 De
379 1718 548 1762 Scholio
581 1719 755 1762 Theaet.
789 1719 873 1761 164
899 1719 936 1761 E
969 1719 1308 1773 προπηλακίζομεν
1345 1719 1415 1773 (cf.
1443 1719 1582 1762 Schol.

220 1798 347 1855 Gorg.
390 1799 479 1842 483
517 1799 575 1855 B,
619 1799 723 1855 Rep.
765 1799 813 1843 I:
858 1800 945 1842 329
972 1800 1030 1856 B,
1072 1799 1179 1842 VII:
1223 1799 1311 1842 536
1338 1798 1386 1855 G)
1426 1798 1583 1842 collato

221 1893 317 1922 cum
348 1879 468 1923 Phot.
502 1894 533 1923 s.
567 1894 603 1923 v.
637 1879 932 1933 προπηλακίζων
966 1885 1009 1922 et
1041 1879 1226 1936 Hesych.
1260 1893 1291 1922 s.
1315 1894 1351 1923 v.
1378 1890 1583 1933 προπηλα-

219 1957 312 2012 κίζει
357 1958 529 2011 dubit0;
571 1958 673 2001 item
706 1959 759 2002 de
792 1958 934 2002 Schol.
968 1958 1148 2002 Phaedr.
1184 1959 1271 2001 243
1295 1958 1331 2001 B
1364 1959 1582 2012 παλινῳδία

220 2039 315 2082 coll.
346 2038 524 2081 Bachm.
556 2039 635 2081 leX.
668 2042 712 2081 et
742 2038 927 2094 Hesych.
960 2053 990 2080 s.
1026 2054 1058 2080 v,

281 2120 379 2162 Dixi
411 2120 537 2162 modo
576 2119 744 2174 glossas
776 2119 1030 2174 plerumque
1061 2119 1123 2162 ita
1156 2123 1430 2174 comparatas
1463 2133 1579 2169 esse,

218 2202 267 2241 ut
313 2197 420 2240 nihil
467 2197 686 2253 peculiare
733 2196 947 2247 habeant,
998 2211 1073 2239 cur
1118 2196 1279 2239 Naberi
1326 2198 1582 2239 sententiam

217 2278 354 2333 magis
387 2277 544 2332 probes
577 2290 707 2331 quam
740 2276 973 2319 Schmidtii.
1019 2277 1142 2327 Quod
1173 2282 1223 2319 ut
1249 2291 1334 2319 uno
1357 2277 1582 2331 alteroque

217 2357 412 2413 exemplo
445 2356 719 2413 perspicuum
750 2355 853 2408 fiat,
889 2357 1073 2413 primum
1105 2342 1323 2401 excitabo:

279 2436 418 2480 Schol.
461 2436 638 2492 Apolog.
683 2436 798 2480 Socr.
847 2437 899 2479 18
929 2436 974 2480 C.
1018 2438 1161 2490 ἐρήμη
1195 2438 1296 2486 δίκη
1330 2439 1454 2488 ἐστίν,
1487 2437 1580 2479 ὅταν

216 2517 272 2567 μὴ
304 2517 543 2564 ἀπαντήσας
570 2517 587 2558 ὂ
621 2515 843 2563 διωκόμενος
876 2517 940 2559 ἐπὶ
973 2518 1042 2563 τὴν
1073 2516 1191 2568 κρίσιν
1222 2517 1517 2569 καταδιαιτήθῇ.

275 2594 395 2638 Idem
427 2594 629 2647 Photius‚
661 2599 793 2650 atque
827 2594 1025 2639 Naberus
1056 2596 1243 2651 glossam
1277 2596 1333 2639 ad
1365 2596 1579 2639 Boethum

215 2675 349 2718 refert
387 2657 552 2730 Proleg.
595 2689 662 2730 pg.
707 2675 775 2718 61.
833 2673 916 2718 Sed
957 2675 1070 2717 idem
1114 2688 1285 2730 quoque
1318 2674 1577 2731 Hesychius,

216 2770 243 2800 a
265 2770 350 2812 quo
374 2755 659 2799 Scholiastam
682 2755 919 2811 sumpsisse
943 2759 1092 2799 censet
1114 2754 1374 2799 Schmidtius
1403 2755 1577 2808 Quaest.
