2057 3375
1072 317 1128 359 86

410 462 477 500 τοῦ
509 456 791 509 χρησμολόγοι)
823 457 1030 506 ποιήμασι.
1065 455 1252 508 βραχέως
1285 455 1324 498 δὲ
1353 455 1421 497 καὶ
1449 459 1575 508 ψιλῶς
1603 455 1783 506 σημαίνει

409 537 617 589 ἀπόφασιν
646 536 863 588 ἀρνητικήν.

471 615 622 658 Paullo
656 615 869 671 ampliora
900 615 1008 658 haec
1041 618 1161 665 sunt,
1195 628 1324 670 quam
1352 628 1464 669 quae
1489 613 1668 657 Photius
1695 627 1781 657 ser-

411 695 526 738 vavit
573 709 596 737 e
645 695 823 738 Boetho.
887 694 1015 749 Apud
1063 694 1326 749 Hesychium
1376 693 1533 736 similia
1571 693 1783 748 leguntur.

410 773 666 816 Callimachi
698 773 989 828 fragmentum
1025 773 1149 826 (323)
1183 772 1314 815 etiam
1345 772 1461 827 apud
1483 771 1668 827 Hesych.
1693 785 1782 815 cor-

409 859 585 909 ruptum
617 856 705 895 est:
738 849 767 894 οἶ
800 853 935 894 πάντα
966 851 1213 903 συνάγειρας.
1248 852 1375 907 Apud
1409 851 1530 894 Hom.
1564 850 1716 908 Odyss.
1741 868 1783 907 v,

411 932 522 975 351:
557 931 618 974 q'A
660 931 799 982 δειλοί,
849 931 889 973 τί
928 931 1048 974 κακὸν
1079 931 1166 974 τόδε
1199 930 1411 985 πασχετες
1449 930 1517 984 (cf.
1552 930 1704 986 Odyss.
1735 929 1783 983 ξ,

411 1011 510 1054 361.
558 1010 607 1053 Il.
640 1018 695 1060 K,
732 1010 831 1053 816.
865 1018 906 1061 Ρ,
941 1010 1059 1063 201).
1092 1009 1340 1053 Archilochi
1364 1008 1520 1065 fragm.
1540 1010 1784 1053 conclama-

409 1094 500 1133 tum
533 1096 611 1133 est.
642 1089 692 1132 In
736 1090 886 1146 Odyss.
919 1089 973 1140 β,
1007 1089 1094 1132 258
1129 1089 1294 1132 editur:
1316 1089 1349 1132 οἱ
1378 1090 1450 1139 μὲν
1477 1088 1537 1141 ἄρ’
1559 1090 1781 1132 ἐσκίδναντο

411 1169 457 1210 ἑοὶ
500 1169 591 1221 πρὸς
628 1168 774 1215 δώμαθ’
806 1166 984 1214 ἕκαστος.
1033 1168 1180 1223 Eurip.
1214 1167 1324 1210 Med.
1361 1168 1461 1211 758.
1512 1167 1645 1224 Soph.
1679 1167 1782 1211 Oed.

412 1250 502 1293 Col.
552 1250 675 1292 1106.
730 1250 792 1291 De
828 1249 960 1292 Euclo
992 1249 1150 1304 Cyprio
1182 1253 1277 1292 vate
1310 1248 1364 1292 cf.
1397 1249 1583 1292 Pausan.
1616 1249 1781 1304 Perieg.

412 1328 523 1372 Hell.
571 1330 644 1380 10,
693 1330 762 1380 [2,
810 1330 873 1371 11.
911 1329 984 1380 14,
1018 1329 1057 1371 6.
1110 1327 1254 1371 Verba
1284 1331 1327 1370 τό
1358 1345 1403 1371 τε
1436 1331 1473 1371 ἐν
1505 1328 1574 1381 ἴσῳ
1607 1330 1660 1382 τῷ
1694 1329 1780 1378 ναί,

413 1411 478 1450 καὶ
513 1409 586 1450 ε’ίθε
619 1409 804 1451 delenda
836 1422 929 1450 esse
962 1409 1172 1449 videntur.

476 1487 616 1530 Schol.
664 1486 793 1542 Hipp.
828 1486 928 1529 Min.
964 1487 1049 1529 368
1084 1487 1117 1530 C
1160 1487 1408 1537 στλεγγὶε
1452 1488 1473 1535 ἡ
1507 1486 1681 1540 ξύστρα,
1717 1487 1783 1528 καὶ

414 1566 738 1618 στλεγγιζόμενοι
772 1566 803 1607 οἱ
837 1564 1117 1615 ἀποξυόμενοι,
1155 1564 1192 1620 [δ’
1219 1566 1301 1607 ἐστι
1335 1565 1600 1618 κτενιζόμενοι.
1635 1576 1785 1615 στλεγ-

414 1647 479 1696 γὶς
511 1647 591 1698 γὰρ
623 1646 667 1687 τὸ
698 1645 868 1701 κτένιον].
901 1648 949 1692 ὡς
983 1646 1267 1699 Ἀριστοφάνης
1305 1646 1430 1699 Γήρᾳ·

476 1728 507 1769 εἰ
525 1726 738 1779 παιδαρίοις
756 1727 976 1769 ἀκολουθεῖν
994 1728 1062 1778 δεῖ,
1080 1731 1257 1780 σφαῖραν
1274 1728 1340 1769 καὶ
1361 1726 1573 1777 στλεγγι’δ“
1591 1726 1753 1779 ἔχοντα.

415 1806 481 1847 καὶ
517 1809 810 1849 Δαιταλεῦσιν·

628 1885 702 1927 οὐδ’
735 1884 838 1927 ἔστιν
870 1886 1002 1932 αὐτοῖς
1036 1885 1233 1935 στλεγγὶς
1264 1885 1348 1927 οὐδὲ
1380 1886 1538 1933 λήκυθος

415 1970 601 2007 καλεῖται
629 1964 668 2006 δὲ
689 1964 888 2015 erasmae
909 1964 975 2006 καὶ
997 1968 1166 2017 χρυσοῦν
1195 1964 1360 2014 ἔλασμα
1383 1966 1426 2006 τὸ
1455 1964 1538 2016 περὶ
1557 1971 1606 2017 τῇ
1623 1969 1786 2017 κεφαλῇ

417 2048 491 2087 τῶν
523 2047 727 2096 γυναικῶν.

482 2124 642 2166 Eadem
666 2122 800 2166 habet
820 2122 1021 2175 Photius‚
1044 2123 1195 2166 eadem
1217 2137 1390 2179 quoque
1414 2122 1550 2166 Schol.
1571 2123 1787 2179 Aristoph.

421 2204 529 2259 qu.
563 2205 665 2255 577,
698 2204 769 2246 hic
792 2218 845 2246 ex
868 2204 1004 2246 lexico
1030 2204 1193 2246 comico
1216 2204 1411 2259 Didymi,
1434 2204 1505 2246 ille
1528 2217 1581 2245 ex
1601 2203 1788 2254 Boetho,

420 2289 468 2325 ut
500 2284 679 2326 videtur.
713 2283 766 2325 cf.
800 2283 955 2326 Naber.
990 2283 1101 2325 Prol.
1136 2284 1190 2324 ad
1225 2283 1348 2325 Phot.
1383 2297 1449 2338 pg.
1484 2283 1542 2325 66
1577 2288 1620 2324 et
1642 2282 1788 2324 adnot.

421 2362 477 2405 ad
510 2362 631 2405 Phot.
667 2363 711 2404 in
743 2377 776 2404 v.
811 2361 1096 2404 Schwartzius
1128 2361 1317 2416 glossam
1340 2362 1452 2403 inter
1476 2361 1667 2416 Dionysii
1689 2361 1787 2404 reli-

421 2442 546 2496 quias
570 2441 725 2484 retulit.
751 2441 931 2484 Uncinis
953 2440 1122 2482 inclusa
1140 2439 1278 2483 Schol.
1296 2439 1484 2490 addidit;
1503 2439 1605 2482 alibi
1623 2440 1787 2482 desunt.

421 2520 523 2561 Loci
566 2520 733 2561 laudati
768 2524 867 2561 sunt
900 2519 953 2561 fr.
992 2519 1074 2560 189
1108 2523 1151 2560 et
1187 2519 1242 2559 14
1273 2518 1576 2573 Aristophanis
1609 2519 1652 2558 in
1685 2518 1787 2559 Din-

421 2598 546 2641 dorfii
578 2598 697 2641 Poet.
730 2597 795 2641 Sc.
829 2597 900 2640 Gr.
936 2598 1002 2640 ed.
1034 2597 1090 2640 5¹¹.
1124 2597 1230 2640 Vide
1264 2597 1402 2640 Schol.
1436 2595 1605 2639 Charm.
1644 2597 1722 2639 161
1758 2597 1789 2638 E

422 2691 555 2731 supra
587 2691 655 2731 pg.
690 2676 758 2718 32.

483 2754 621 2798 Schol.
667 2755 724 2797 Io.
769 2755 856 2797 538
889 2754 922 2796 C
965 2756 1238 2806 Πραμνειος
1280 2752 1397 2803 οἶνος
1443 2756 1524 2805 ἤτοι
1557 2754 1574 2794 0‘
1605 2754 1686 2796 ἀπὸ
1718 2761 1788 2804 τῆς
