2057 3375
903 308 960 350 53

243 448 320 502 ἀφ’
350 446 396 490 οὗ
428 449 495 491 xx}
527 450 616 496 τοὺς
647 447 870 497 Ἀθηναίους
905 448 999 490 ποτὲ
1026 448 1165 494 '‘Icum-5
1197 448 1406 500 κληθῆνκι,
1441 447 1508 489 καὶ
1544 447 1607 489 διὰ,

245 531 379 570 ταῦτα
412 529 587 581 πατρῷον
618 528 761 576 αὐτοὺς
793 527 1033 571 Ἀπόλλωνα
1066 527 1187 580 ἔχειν.

266 653 269 657 ,
303 606 462 649 Iisdem
503 605 592 649 fere
631 607 770 649 verbis
812 611 1068 662 comparata
1100 610 1222 656 sunt,
1260 620 1372 662 quae
1404 607 1607 662 leguntur

243 687 289 728 in
329 686 410 728 lex.
452 685 559 729 rhet.
602 685 737 729 Bekk.
765 686 881 737 291,
916 687 996 741 33,
1029 686 1103 728 ubi
1136 690 1280 729 tamen
1314 686 1453 728 minus
1486 688 1605 728 recte

244 764 403 819 πάτριος
449 764 606 820 legitur
647 778 726 821 pro
768 766 959 818 πατρῷος.
1022 764 1132 807 Nam
1166 778 1430 821 quamquam
1463 769 1609 807 monet

244 844 418 887 Porson.
460 843 516 885 ad
549 843 768 899 Euripidis
800 843 1024 887 Hecubam
1057 858 1115 886 vs.
1150 844 1205 886 78
1239 843 1406 886 Atticos
1440 842 1605 892 πάτριος

245 927 289 965 et
319 924 493 974 πατρῷος
525 923 765 978 promiscue
798 937 1033 979 usurpare,
1067 922 1220 978 Apollo
1255 927 1401 966 tamen
1423 922 1607 978 ubique,

245 1006 468 1062 quantum*
489 1002 607 1054 novi,
641 1005 818 1057 πατρῷος
858 1003 1000 1055 audit,
1034 1017 1119 1046 non
1151 1002 1325 1054 πάτριος.
1373 1001 1437 1046 Cf.
1469 1001 1607 1046 Schol.

244 1081 373 1125 Arist.
405 1081 492 1125 AV.
530 1082 662 1126 1527:
693 1084 869 1135 πατρῷον
895 1082 934 1125 δὲ
962 1086 1125 1133 τιμῶσιν
1143 1080 1380 1125 Ἀπόλλωνα
1394 1082 1607 1132 Ἀθηναῖοι,

245 1162 328 1204 ἐπεὶ
351 1162 440 1204 Ἴων
465 1162 482 1204 ὃ
510 1162 765 1215 πολέμαρχος
789 1163 997 1212 Ἀθηναίων
1013 1161 1057 1211 ἐξ
1071 1162 1320 1208 ’Λπόλλωνος
1336 1161 1402 1203 καὶ
1419 1161 1607 1213 Κρεούσης

244 1247 315 1290 τῆς
361 1241 494 1286 Ξούθου
536 1242 690 1292 ἐγένετο
729 1246 773 1284 et
803 1242 1016 1297 Harpocr.
1048 1256 1082 1283 v.
1114 1240 1360 1283 Ἀπόλλων
1392 1241 1607 1291 πατρῷος

244 1323 262 1363 0‘
296 1321 479 1369 Πύθιος.
515 1320 737 1370 Creusam,
760 1320 906 1365 Xutho
940 1325 1139 1378 nuptam,
1160 1326 1389 1377 postquam
1409 1334 1461 1364 ex
1479 1319 1607 1376 Apol-

244 1400 330 1443 line
374 1400 521 1443 Ionem
564 1399 700 1443 filium
733 1401 930 1456 peperit,
962 1402 1007 1443 in
1045 1415 1220 1443 scenam
1251 1400 1452 1456 producit
1485 1399 1608 1441 Euri-

247 1478 372 1534 pides
404 1478 449 1521 in
481 1478 595 1522 Ione.
629 1479 776 1522 Ionem
797 1479 934 1523 Xuthi
954 1478 1089 1522 filium
1113 1478 1363 1535 simpliciter
1383 1478 1609 1521 nominant

244 1557 489 1602 Herodotus
523 1559 572 1615 7,
617 1559 699 1612 943
734 1558 786 1611 8·,
823 1559 901 1612 443
932 1558 1212 1603 Philochorus
1245 1558 1361 1614 apud
1395 1557 1607 1614 Harpocr.

242 1650 277 1679 V.
308 1636 537 1690 βοηδρόμιοι.

303 1716 581 1773 Adscriptum
613 1722 679 1761 est
709 1716 935 1770 Scholion,
968 1719 1020 1761 de
1053 1732 1139 1774 quo
1171 1718 1360 1774 agimus,
1390 1717 1449 1761 ad
1473 1716 1606 1760 notis-

242 1797 396 1841 simum
457 1796 652 1841 Platonis
703 1797 869 1850 locum,
922 1797 994 1841 ubi
1049 1797 1273 1842 contendit
1323 1796 1604 1854 philosophus

239 1875 575 1921 Atheniensibus
607 1891 702 1921 esse
735 1876 977 1934 Apollinem
1009 1878 1184 1931 πατρῷον
1206 1882 1250 1921 et
1281 1876 1431 1922 Jovem
1452 1874 1603 1929 ἕρκειον,

240 1969 327 1998 non
359 1961 504 1999 autem
536 1956 687 1999 Jovem
719 1959 907 2010 πκτρῷον.
958 1956 1044 1999 Sed
1077 1971 1171 1999 cum
1207 1957 1323 2011 apud
1344 1957 1484 2011 ipsum
1506 1956 1603 1998 Pla-

239 2039 386 2078 tonem
418 2034 549 2091 Legg.
580 2034 670 2079 IX:
703 2034 789 2079 881
824 2039 868 2079 et
888 2034 1218 2091 Xenophontem
1240 2035 1285 2078 in
1307 2034 1602 2091 Cyropaedia,

239 2114 355 2171 apud
402 2114 590 2171 tragicos
635 2115 808 2171 saepius
856 2120 899 2159 et
944 2114 1277 2172 Aristophanem
1327 2113 1437 2157 Nub.
1485 2112 1599 2157 1468

237 2194 408 2251 Jupiter
450 2199 627 2251 πατρῷος
671 2200 1039 2246 commemoretur,
1072 2195 1291 2239 Albertius
1325 2194 1382 2238 ad
1413 2194 1597 2250 Hesych.

239 2289 275 2317 v.
322 2277 525 2328 πατρῷος
582 2276 697 2323 Ζεύς
754 2276 808 2318 de
865 2275 1073 2319 Platonis
1103 2275 1350 2319 testimonio
1398 2274 1598 2317 dubitare

238 2354 415 2397 videtur.
465 2355 615 2410 Neque
646 2356 739 2399 iure
770 2359 936 2407 tamen3
968 2370 1070 2399 nam
1102 2355 1217 2398 unde
1250 2355 1413 2398 factum
1446 2355 1525 2409 sit,
1549 2360 1598 2396 ut

237 2432 355 2488 apud
404 2434 615 2489 tragicos,
668 2434 1001 2490 Aristophanem
1046 2438 1097 2478 ‘et
1149 2434 1371 2477 Platonem
1423 2432 1598 2488 Jupiter

235 2514 411 2565 πατρῷος
454 2517 675 2563 occurrat,
717 2514 918 2568 expedire
961 2518 1141 2557 conatus
1184 2518 1250 2556 est
1292 2513 1505 2556 Porsonus
1538 2512 1595 2555 ad

236 2592 452 2648 Euripidis
492 2592 604 2635 Med.
651 2594 789 2645 1314,
833 2592 980 2636 dicens
1010 2593 1233 2637 Platonem
1264 2593 1381 2637 Jovis
1414 2593 1592 2647 πκτρῴου

235 2672 491 2715 mentionem
534 2672 676 2716 facere
714 2673 760 2716 in
800 2672 968 2728 legibus
1010 2672 1143 2726 fictis,
1187 2687 1298 2728 quas
1332 2673 1596 2729 reipublicae

234 2765 338 2796 suae
380 2751 507 2796 fictae
538 2753 875 2809 praescriberet,
907 2753 1207 2809 Aristophanis
1241 2757 1385 2797 autem
1418 2768 1587 2798 versum
