2057 3375
1050 303 1135 347 lOO

399 464 518 498 ματα
563 445 602 488 δὲ
648 446 703 489 τὰ
743 446 967 500 βρώματα,
1013 445 1078 489 καὶ
1121 446 1165 489 τὸ
1208 447 1343 491 ε’σθιέιν
1385 444 1553 502 ’Λργεῖοι
1586 448 1767 499 μαμμᾶν

398 527 557 581 ἔλεγον·
598 530 641 572 ἐκ
672 529 818 573 τούτων
849 525 911 572 οὖν
942 529 1118 573 σύνθετον
1150 529 1168 571 ὅ
1199 527 1550 580 βλιττομοὶμμας,
1585 528 1603 571 ὃ
1635 529 1767 573 ἐσθίων

399 612 561 660 εὐήθως,
593 612 643 657 ὥς
677 610 743 652 καὶ
776 611 1050 660 συκομοέμμας
1081 612 1100 653 o‘
1135 611 1381 664 συκοφάγος.

459 689 748 734 Scholiastam
768 689 837 734 hic
855 689 970 734 vocis
987 692 1169 742 μαμμᾶν
1187 690 1517 747 explicationem
1535 704 1562 735 a
1577 690 1744 735 Boetho
1757 726 1768 744 ,

397 769 607 811 Boethum
652 783 679 811 a
720 769 926 824 Dionysio
961 770 1181 824 accepisse
1213 774 1340 824 putat
1369 769 1566 812 Naberus
1599 770 1765 825 Proleg.

396 862 466 903 pg.
509 847 589 897 63,
632 847 776 890 adnot.
821 847 875 890 ad
918 847 1040 891 Phot.
1086 863 1120 890 v.
1152 850 1347 899 μαμμᾶν;
1398 847 1443 892 Si
1475 852 1590 892 recte
1623 849 1768 892 omnia

395 925 666 982 perpendas,
711 925 820 968 nolis
855 926 1040 969 credere.
1103 925 1223 978 Quae
1254 927 1366 970 enim
1400 926 1578 970 Photius
1610 927 1766 971 habet:

395 1007 635 1055 μαμμοῖν·
668 1007 836 1057 Ἀργεῖοι
860 1006 905 1047 τὸ
930 1006 1076 1047 ἐσθίειν.
1102 1004 1199 1048 οὕτω
1227 1007 1435 1055 Καλλίας,
1455 1020 1542 1048 non
1559 1020 1587 1048 a
1602 1006 1766 1049 Boetho

397 1085 584 1140 accepit;
619 1100 696 1128 cur
727 1085 840 1129 enim
873 1084 944 1128 hic
976 1099 1121 1128 vocem
1144 1085 1382 1140 explicaret
1404 1086 1518 1141 apud
1543 1085 1768 1129 Platonem

395 1179 611 1221 nusquam
654 1169 962 1208 occurrentem.
1012 1163 1174 1216 Quodsi
1218 1178 1414 1221 opponas
1457 1169 1594 1208 totum
1634 1164 1767 1208 Scho-

395 1246 484 1289 lion
528 1244 685 1287 Boethi
728 1258 848 1296 esse‚
890 1258 970 1300 ego
1012 1244 1185 1299 quidem
1217 1245 1299 1288 hoc
1331 1259 1461 1301 nego,
1494 1245 1597 1300 quia
1627 1258 1767 1300 neque

395 1325 486 1368 eius
529 1338 690 1368 morem
735 1323 891 1375 refert,
936 1338 1075 1380 neque
1118 1324 1234 1380 apud
1275 1323 1476 1368 Photium
1521 1323 1658 1379 (Suid.
1692 1324 1765 1378 al.)

393 1403 564 1459 legitur.
611 1402 696 1446 Sed
728 1417 798 1446 res
822 1406 975 1458 aperta
996 1408 1073 1447 est.
1106 1403 1342 1459 Postquam
1364 1404 1428 1447 vel
1449 1404 1544 1460 ipse
1567 1404 1762 1459 adscrip-

396 1483 451 1526 sit
483 1482 728 1526 Scholiasta
761 1482 825 1525 vel
858 1482 1125 1537 adscriptum
1155 1483 1316 1526 invenit
1346 1482 1521 1526 Periclis
1543 1482 1656 1526 filios
1679 1482 1766 1525 dic·

393 1563 460 1604 tos
493 1573 588 1603 esse
618 1558 969 1610 βλιττομάμμας,
1008 1559 1091 1602 hoc
1123 1558 1378 1603 vocabulum
1411 1574 1465 1603 ex
1496 1560 1763 1615 Diogeniano

397 1655 474 1685 suo
517 1641 829 1696 interpretatus
873 1643 959 1692 est,
1002 1640 1047 1683 in
1092 1639 1211 1684 cuius
1242 1640 1380 1684 lexico
1413 1640 1625 1696 hodieque
1658 1639 1764 1695 legi-

396 1735 517 1763 mus:
550 1720 752 1771 βλίτοις·
785 1719 852 1763 καὶ
884 1720 1108 1771 βλίτωνας·
1139 1720 1228 1767 τοὺς
1260 1720 1418 1769 εὐήθεις.

395 1801 671 1851 μοέμματα·
705 1799 917 1852 βρώματα.

395 1881 629 1930 μαμμᾶν·
664 1878 727 1920 ἐπὶ
759 1884 830 1928 τῆς
863 1877 1044 1927 παιδικῆς
1076 1881 1222 1931 φωνῆς.
1261 1877 1407 1920 ἐσθίειν.

454 1958 556 2000 ibid.
596 1959 675 1999 121
711 1957 744 2000 G
781 1957 1005 2006 γενέθλια
1043 1958 1148 1999 ε’στιν
1181 1959 1203 2006 ή
1235 1956 1283 1999 δι’
1310 1957 1483 1999 ἐνιαυτοῦ
1512 1957 1763 2009 ἕπιφοιτῶσα

393 2040 462 2080 τοῦ
503 2036 710 2089 τεχθέντος
753 2036 886 2087 ἑορτή,
929 2035 1128 2086 γενέσια
1169 2033 1210 2078 δὲ
1254 2037 1276 2086 ἦ
1317 2035 1364 2078 δι’
1401 2036 1578 2079 ἐνιαυτοῦ
1611 2035 1766 2089 ἐπιφοι-

393 2119 503 2157 τῶσκ
536 2118 605 2157 τοῦ
641 2116 843 2161 τεθνεῶτος
875 2115 1025 2164 μνήμη.

456 2194 574 2237 Idem
607 2193 744 2244 Suid„
776 2192 951 2236 Bachm.
984 2193 1084 2243 lex.,
1121 2192 1303 2250 Etymol.
1337 2191 1393 2235 M.
1430 2192 1557 2248 Apud
1580 2192 1765 2249 Etymol.

393 2272 450 2317 M.
482 2272 706 2328 praecedit
737 2271 882 2327 glossa
913 2271 1139 2323 γενέθλη·
1175 2272 1197 2321 ή
1233 2271 1279 2315 δι’
1312 2271 1487 2330 ἐνιαυτοῦ
1521 2272 1765 2326 ε’πιφοιτῶσα

393 2355 460 2394 τοῦ
492 2352 699 2404 τεχθέντος
732 2351 871 2402 ἡμέρα.
922 2350 1048 2393 Unde
1080 2351 1228 2405 glossa
1258 2348 1457 2406 fluxerit,
1490 2364 1577 2393 non
1603 2350 1764 2405 liquet3

394 2430 490 2473 aliis
531 2430 670 2472 verbis
703 2429 839 2472 utitur
871 2429 1162 2485 Diogenianus
1194 2427 1265 2485 (cf.
1298 2428 1403 2471 Lex.
1435 2427 1596 2472 rhetor.
1628 2427 1765 2472 Bekk.

394 2508 473 2551 23]
495 2542 505 2560 ,
541 2509 593 2551 17
629 2512 673 2551 et
710 2509 762 2551 19
790 2522 888 2551 cum
909 2507 1055 2561 Hes),
1078 2521 1207 2563 quem
1230 2507 1460 2550 Atticistae
1482 2506 1765 2550 adhibebant.

452 2586 554 2629 ibid.
589 2587 675 2629 123
707 2586 741 2631 C
773 2587 967 2639 πλέθρον
1000 2586 1039 2629 δέ
1067 2589 1149 2629 ἐστι
1172 2586 1284 2638 μέρος
1307 2585 1416 2629 ἕκτον
1439 2586 1623 2629 σταδίου·
1648 2590 1762 2629 τοῦτο

391 2665 430 2707 δὲ
476 2666 622 2718 πήχεις
655 2665 741 2718 ἔχει
774 2666 1067 2717 τετρακοσίους,
1101 2662 1150 2707 ὦν
1183 2665 1226 2708 τὸ
1258 2663 1367 2707 ἕκτον
1400 2665 1548 2718 πήχεις
1578 2663 1765 2715 ἐξήκοντα

391 2742 436 2796 ἓξ
466 2744 647 2798 δίμοιρον,
681 2743 704 2787 δ’
732 2744 816 2787 ἐστι
848 2745 893 2787 τὸ
923 2744 1095 2797 πλέθρον.
