2057 3375
849 339 932 382 117

860 500 911 542 X.

272 631 421 676 Cicero
467 631 521 675 de
564 630 836 674 Divinatione
878 628 900 671 I
931 642 965 672 c.
1000 629 1027 672 3
1060 630 1083 686 ᾧ
1115 628 1166 671 5:
1211 628 1569 684 Philosophorum

210 725 308 756 vero
355 710 573 767 exquisita
615 709 828 765 quaedam
871 712 1146 765 argumenta,
1192 722 1269 750 cur
1311 711 1427 750 esset
1471 721 1570 750 vera

210 792 435 841 divinatio,
469 790 651 832 collecta
682 794 805 832 suntz
838 804 862 831 e
893 789 1072 843 quibus,
1105 792 1154 830 ut
1180 789 1232 830 de
1260 787 1568 842 antiquissimis

209 871 376 926 loquar,
418 868 710 925 Colophonius
755 867 1065 925 Xenophanes,
1115 880 1269 919 unus,
1315 866 1409 923 qui
1451 865 1572 909 deos

211 962 325 992 esse
368 948 592 999 diceret,
626 947 933 990 divinationem
963 946 1156 989 funditus
1190 945 1371 988 sustulit.

272 1029 518 1082 Legendum
560 1042 653 1071 esse
696 1041 850 1070 censeo
892 1041 988 1070 cum
1021 1025 1065 1070 C.
1099 1025 1373 1070 Hartfeldero
1417 1040 1572 1069 unum

211 1106 298 1164 qui
336 1106 482 1151 deum
520 1120 636 1151 esse
675 1106 893 1151 diceret.

860 1255 931 1298 XI.

273 1384 448 1427 Tacitus
481 1384 648 1440 Dialog.
682 1384 736 1427 de
768 1383 937 1428 Orator.
971 1399 1005 1427 c.
1034 1385 1114 1427 36:
1146 1384 1306 1440 Magna
1329 1385 1573 1440 eloquentia

213 1463 324 1506 sicut
364 1462 540 1506 flamma
581 1463 764 1506 materia
806 1463 934 1507 alitur
975 1467 1018 1506 et
1057 1463 1242 1507 motibus
1286 1464 1497 1507 excitatur
1529 1471 1572 1507 et

213 1543 373 1586 urendo
406 1543 625 1586 clarescit:
657 1544 807 1587 eadem
834 1543 945 1587 ratio
966 1544 1012 1586 in
1034 1547 1182 1587 nostra
1204 1557 1374 1600 quoque
1397 1544 1571 1588 civitate

212 1623 488 1678 antiquorum
536 1624 827 1679 eloquentiam
875 1624 1089 1680 provexit3
1142 1638 1242 1668 nam
1290 1625 1371 1667 etsi
1419 1624 1572 1669 horum

213 1716 383 1757 quoque
425 1707 668 1759 temporum
713 1708 907 1748 oratores
952 1718 1005 1747 ea
1046 1705 1264 1747 consecuti
1309 1709 1429 1760 sunt,
1462 1719 1572 1760 quae

213 1781 449 1836 composita
481 1786 524 1824 et
556 1782 704 1837 quieta
736 1786 779 1825 et
809 1783 939 1826 beata
971 1782 1193 1838 republica
1215 1783 1345 1826 tribui
1367 1783 1435 1826 fas
1459 1788 1571 1835 erat,

213 1865 358 1904 tamen
391 1861 467 1904 illa
499 1861 823 1916 perturbatione
855 1875 907 1904 ac
938 1862 1110 1904 licentia
1141 1861 1267 1916 plura
1295 1862 1377 1904 sibi
1399 1863 1572 1916 assequi

214 1939 480 1993 videbantur,
524 1955 619 1983 cum
661 1941 805 1984 mixtis
847 1940 1046 1984 omnibus
1088 1944 1132 1983 et
1173 1940 1444 1984 moderatore
1488 1955 1571 1984 uno

213 2019 460 2063 carentibus
491 2023 659 2063 tantum
693 2020 875 2075 quisque
907 2024 1053 2063 orator
1091 2024 1324 2075 saperet,
1364 2024 1573 2076 quantum

213 2099 375 2142 erranti
407 2100 568 2155 populo
601 2101 866 2155 persuadere
898 2105 1084 2155 poterat.

272 2177 355 2219 Pro
395 2192 415 2220 s
425 2191 487 2233 ap
498 2192 520 2220 e
530 2192 552 2220 r
560 2181 609 2220 et
648 2182 870 2233 praestare
901 2179 1068 2220 videtur
1107 2193 1130 2220 c
1139 2193 1165 2220 a
1173 2194 1201 2233 p
1210 2192 1232 2220 e
1241 2193 1263 2220 r
1271 2192 1293 2221 e
1303 2186 1331 2220 t.

849 2324 942 2366 XII.

272 2451 477 2494 Horatius
511 2451 597 2494 Sat.
630 2452 661 2494 1.
695 2452 722 2494 3
754 2466 813 2495 vs.
846 2453 902 2494 69
935 2466 1031 2508 sqq.

754 2531 928 2575 Amicus
960 2531 1120 2584 dulcis,
1152 2536 1202 2575 ut
1232 2536 1481 2588 aequumst,

272 2608 377 2651 Cum
411 2623 508 2652 mea
540 2613 774 2664 conpenset
805 2609 917 2653 vitiis
948 2610 1085 2662 bona,
1116 2611 1311 2665 pluribus
1343 2612 1479 2663 hisce,

271 2686 315 2731 Si
345 2689 473 2733 modo
505 2689 632 2745 plura
662 2689 766 2733 mihi
798 2689 912 2734 bona
945 2694 1067 2743 sunt,
1089 2690 1281 2743 inclinet,
1315 2691 1452 2735 amari

272 2766 316 2811 Si
350 2768 483 2812 volet:
517 2769 600 2812 hac
631 2769 725 2826 lege
756 2769 800 2811 in
832 2770 995 2812 trutina
1026 2775 1210 2825 ponetur
1241 2770 1402 2814 eadem.
