2057 3375
1064 309 1121 352 56

407 462 488 491 nus
531 462 554 491 e
598 448 801 504 Dionysio
844 447 1020 492 fluxisse
1052 450 1285 494 contendit.
1350 449 1517 495 Collato
1549 451 1779 495 Eustathio

408 527 580 570 dubites
612 527 701 570 fere
733 527 922 582 glossam
955 528 1118 571 hancce
1152 529 1356 586 Dionysio
1390 530 1597 573 tribuere.
1628 530 1780 587 Neque

408 606 547 660 magis
580 609 774 658 constat,
809 607 923 650 unde
954 607 1198 664 Hesychius
1231 608 1394 652 habeat
1415 610 1494 651 ἐπὶ
1520 610 1594 661 κόρ
1606 624 1690 662 ρης·
1715 610 1778 652 ἐπὶ

406 690 592 737 κεφαλῆς
635 684 657 735 ἢ
689 684 855 736 γνάθου,
892 699 945 728 ex
979 685 1247 743 Diogeniano
1280 701 1338 731 an
1372 701 1427 732 ex
1458 687 1637 732 Boetho.
1699 688 1782 732 Hic

408 779 494 807 non
537 765 752 820 gravabor
795 766 1039 808 exscribere
1081 767 1271 821 glossam
1316 781 1369 809 ex
1408 768 1593 823 Didymo
1625 767 1782 810 Milleri

408 858 479 901 pg.
511 843 624 896 400,
664 858 796 901 quam
828 859 914 889 non
947 845 1059 890 male
1092 846 1340 903 suspicatur
1372 847 1590 891 Mettauer
1621 862 1691 904 pg.
1724 847 1783 891 95

408 924 574 967 Boetho
608 923 779 976 deberi5
812 925 958 981 glossa
990 928 1134 969 autem
1166 926 1276 970 haec
1307 930 1392 970 est:
1426 927 1503 970 ἐπὶ
1537 926 1718 980 κόρρης·
1751 927 1783 970 οἱ

409 1005 481 1054 μὲν
529 1007 572 1046 τὸ
619 1006 727 1047 κοιτοὶ
774 1006 958 1058 κεφαλὴν
1002 1007 1246 1048 τύπτεσθαι·
1289 1011 1365 1048 τῶν
1405 1007 1485 1058 γὰρ
1531 1007 1687 1056 Ἰώνων,
1736 1006 1784 1053 ὥς

410 1088 530 1137 Φησιν
571 1082 869 1139 Ἐρατοσθένης,
919 1087 987 1135 την
1034 1089 1218 1137 κεφαλὴν
1264 1087 1486 1129 καλούντων
1533 1087 1694 1141 κόρσην,
1749 1087 1783 1128 οἱ

411 1165 604 1213 Ἀθηναῖοι
651 1165 829 1216 καθάπερ
875 1165 1053 1217 μυρρίνην
1099 1166 1168 1214 τὴν
1212 1166 1396 1218 μυρσίνην
1437 1166 1503 1208 καὶ
1549 1167 1604 1208 τοὶ
1647 1165 1784 1216 ὅμοιοι,

413 1244 541 1296 κόρρην
581 1246 652 1292 τὴν
690 1246 873 1298 κεφάλην
917 1244 1148 1295 ὠνόμασαν,
1180 1247 1229 1292 ὥς
1265 1245 1437 1288 Πλάτων
1469 1247 1506 1287 ἕν
1539 1246 1683 1298 Γοργίᾳ
1715 1245 1781 1287 καὶ

415 1323 663 1374 Δημοσθένης
704 1324 743 1365 ἐν
786 1325 839 1377 τῷ
880 1325 988 1367 κατὰ
1033 1324 1192 1367 Μειδίου
1237 1324 1433 1381 (562,9)·
1477 1325 1510 1367 οἱ
1551 1324 1590 1367 δὲ
1636 1324 1680 1367 τὸ
1723 1326 1787 1367 ἐπὶ

413 1402 544 1456 κόρρης
577 1402 810 1453 ἐξηγοῦνται
842 1404 887 1445 τὸ
919 1404 972 1450 εἷς
1004 1403 1078 1450 τοὶς
1112 1403 1276 1454 γνάθους
1309 1403 1553 1454 τύπτεσθαι,
1588 1405 1638 1451 ὡς
1671 1405 1789 1446 Ὑπε-

415 1482 517 1535 ρίδης
549 1484 587 1526 ἐν
619 1484 673 1536 τῷ
705 1485 814 1526 κατὰ
850 1484 1064 1535 Δωροθέου·
1099 1483 1274 1537 ῥαπίζειν
1296 1484 1415 1527 αὐτὸν
1439 1484 1657 1527 Ἱππόνικον
1680 1483 1788 1526 κατὰ

416 1565 567 1616 κόρρης,
617 1564 758 1607 ἔπειτά
805 1564 871 1607 nx}
919 1565 1132 1611 Ἱππόνικος
1182 1565 1248 1606 ὑπ’
1289 1565 1533 1612 Αὐτοκλέους
1580 1565 1788 1617 ε’ρροιπίσθη

416 1645 488 1693 τὴν
520 1642 675 1695 γνάθον.
710 1643 787 1686 Καὶ
823 1643 1091 1697 Φερεκράτης·

539 1724 588 1767 Ὁ
621 1723 654 1765 δ’
689 1724 880 1776 Ἀχιλεὺς
913 1721 955 1766 εὖ
987 1740 1069 1770 πως
1102 1724 1165 1766 ἐπὶ
1199 1723 1327 1776 κόρρης
1361 1723 1480 1767 αὐτὸν

542 1802 768 1853 ἐπάταξεν,
802 1801 902 1845 ὥστε
934 1807 1011 1855 πῦρ
1043 1802 1291 1855 ἀπέλαμψεν
1324 1804 1368 1845 ἐκ
1400 1807 1475 1844 τῶν
1507 1801 1672 1853 γνάθων.

421 1882 485 1927 Ad
517 1882 791 1927 Pherecratis
823 1898 971 1927 versus
994 1883 1219 1927 adnotavit
1242 1882 1462 1926 Millerus:
1496 1883 1555 1926 Oe
1577 1882 1794 1938 fragment

419 1961 555 2007 inedit
588 1967 656 2006 est
686 1961 1020 2019 probablement
1052 1961 1134 2006 tire
1168 1962 1221 2006 de
1244 1962 1287 2006 la
1309 1960 1431 2019 piece
1454 1961 1508 2006 de
1529 1960 1793 2005 Pherecrate

419 2042 616 2086 intitulee
649 2043 812 2094 Χείρων,
848 2045 904 2086 ou
937 2057 985 2086 ce
1017 2042 1145 2098 poete
1180 2042 1311 2085 traite
1343 2056 1403 2084 un
1435 2042 1546 2098 sujet
1572 2041 1710 2085 favori
1739 2040 1792 2084 de

420 2122 661 2166 l'ancienne
690 2122 905 2178 comedia,
930 2122 1195 2165 c'est-a-dire
1218 2122 1257 2164 le
1281 2127 1502 2165 contraste
1524 2122 1599 2164 des
1626 2135 1795 2164 moeurs

422 2207 466 2246 et
509 2202 562 2246 de
605 2201 706 2246 l’art
745 2202 945 2258 antiques
978 2216 1081 2245 avec
1114 2202 1153 2244 le
1187 2200 1514 2257 devergondage
1548 2203 1797 2256 contempo-

424 2283 530 2325 rain.
584 2282 766 2332 Chiron,
802 2282 876 2337 qui
908 2295 962 2324 ne
995 2281 1135 2337 garda
1167 2280 1333 2323 Achille
1366 2294 1449 2335 que
1478 2279 1657 2335 jusqu'a
1688 2278 1797 2334 l’age

424 2362 477 2405 de
519 2361 627 2405 neuf
665 2377 768 2414 ans,
811 2361 872 2404 lui
904 2376 1012 2404 aura
1044 2360 1125 2404 fait
1157 2362 1373 2415 peut-&tre
1406 2374 1492 2402 une
1525 2359 1797 2415 proposition

425 2441 714 2494 deshonnete‚
758 2446 802 2484 et
844 2441 1016 2485 celui-ci
1059 2441 1119 2483 lui
1164 2454 1275 2483 aura
1317 2438 1458 2483 donne
1503 2454 1561 2482 un
1602 2437 1798 2489 soufflet,

425 2524 487 2565 ἐπὶ
522 2523 666 2576 κόρρης.
731 2522 798 2565 En
829 2521 960 2564 lisant
990 2519 1240 2573 άπολάμφοιι
1275 2523 1350 2562 τῶν
1382 2519 1534 2571 γνάθων
1568 2532 1624 2562 on
1654 2517 1800 2561 aurait

427 2619 484 2647 un
516 2603 729 2647 excellent
758 2601 963 2646 trimetre.
1026 2601 1063 2643 A
1094 2601 1139 2643 la
1169 2600 1346 2655 rigueur
1378 2613 1434 2643 on
1466 2598 1665 2655 pourrait
1698 2612 1796 2641 con-

426 2698 568 2729 server
609 2684 652 2726 ἐκ
694 2686 737 2727 et
777 2682 856 2725 lire
897 2679 1117 2731 άπολάμπῖ
1160 2681 1202 2722 ἐκ
1247 2683 1322 2722 τῶν
1354 2695 1419 2730 γν.
1483 2676 1743 2729 Ρὴὲΐὲοτᾶίῑᾳ
1776 2692 1803 2719 a

425 2766 639 2825 peut-etre
671 2762 778 2810 ecrit
809 2776 912 2806 avec
945 2759 1146 2821 synerese
1179 2758 1400 2814 ἐπολάμψΐ
1434 2759 1477 2801 ἐκ
1510 2761 1585 2801 τῶν
1618 2774 1680 2812 γν.
1741 2756 1802 2802 Le
