2057 3375
911 289 966 334 47

256 431 321 471 καὶ
371 431 438 471 ὑπ’
488 430 651 481 ἀνδρῶν,
701 432 749 476 ὡς
799 431 835 472 ἕν
883 431 1083 472 Ἱππεῦσιν
1131 430 1433 483 Ἀριστοφάνους
1477 431 1541 472 καὶ
1584 433 1623 472 ἑν

257 509 478 559 Μενάνδρου
512 509 710 561 Συνερώση
725 522 733 531 ·

441 588 546 643 ἄφες
579 589 645 631 τὸν
678 587 894 641 ἄνθρωπον·
928 592 968 631 τί
998 589 1177 644 κόπτεις,
1210 586 1237 632 ὦ
1268 590 1394 640 μέλε;

256 669 450 720 σημαίνειῖ
483 669 522 711 δὲ
564 666 591 711 ὦ
633 669 803 719 δείλαιε,
852 666 880 711 ὦ
919 669 1067 721 πονηρέ.
1110 669 1194 712 ἔνιοι
1238 670 1298 721 δὲ,
1331 667 1360 711 ὦ
1392 671 1623 719 ἐπιμελείας

257 747 342 798 ἄξιε
375 748 442 790 καὶ
475 745 547 791 οἷον
579 748 847 799 μεμελημένε.

319 826 450 870 Plane
483 827 635 870 eadem
667 826 845 875 Suidas.
880 826 952 869 ubi
985 830 1087 882 post
1118 828 1428 880 Ἀριστοφάνους
1458 828 1626 872 addun-

257 910 328 948 tur
361 904 516 949 verba:
548 906 615 948 καὶ
649 908 687 948 ἐν
720 907 926 958 Θεαιτήτῳ
964 905 1188 951 Πλάτωνος.
1252 906 1371 949 Inter
1395 907 1506 950 Aelii
1529 907 1623 950 Dio-

260 985 369 1041 nysii
421 985 626 1039 reliquias
684 984 832 1027 retulit
884 983 1168 1027 Schwartzius
1220 986 1408 1040 priorem
1456 990 1625 1040 partem

259 1077 397 1119 usque
439 1064 497 1106 ad
538 1063 715 1106 verbum
758 1064 952 1114 σημαίνει.
1018 1063 1101 1105 Per
1130 1063 1342 1106 Boethum
1372 1063 1418 1106 in
1452 1053 1627 1108 scholia

259 1142 434 1186 fluxisse
477 1143 754 1194 crediderim3
800 1142 882 1185 hoc
926 1155 1096 1197 quoque
1137 1143 1397 1194 notandum,
1441 1142 1626 1187 formam

264 1221 422 1266 Scholii
456 1222 717 1264 simillimam
750 1235 843 1264 esse
877 1220 1018 1264 Schol.
1041 1221 1165 1276 Apol.
1189 1220 1306 1264 Socr.
1330 1222 1389 1272 25,
1419 1222 1453 1265 G
1474 1220 1502 1265 ὦ
1524 1226 1600 1265 τᾶν
1615 1256 1625 1274 ,

261 1302 377 1357 quod
423 1302 532 1344 satis
565 1305 681 1344 certo
715 1315 799 1344 non
831 1300 1025 1356 Dionysii
1057 1306 1145 1351 est,
1179 1301 1254 1343 sed
1285 1301 1450 1345 Boethi.
1517 1302 1627 1345 Vide

259 1379 387 1424 infra.
449 1380 554 1424 Loci
596 1380 762 1424 laudati
804 1385 904 1424 sunt
945 1380 1164 1435 Aristoph.
1208 1380 1317 1436 qu.
1360 1382 1460 1426 676.
1502 1381 1627 1425 Mein.

263 1459 381 1503 Com.
413 1458 470 1502 IV
488 1476 499 1502 t
517 1459 617 1502 204.

323 1537 464 1581 Schol.
509 1537 695 1593 Sophist„
738 1536 826 1579 243
860 1529 903 1579 ’Β
946 1533 1020 1585 ἦν·
1052 1537 1140 1579 ἀντὶ
1171 1542 1239 1580 τοῦ
1272 1539 1386 1588 ἤμην.
1422 1537 1627 1586 ’Λττικῶς.

322 1616 544 1672 Goniunge
587 1615 726 1659 Schol.
772 1615 966 1672 Sympos.
1010 1616 1093 1658 173
1125 1615 1162 1658 Α
1194 1614 1240 1666 ἦ·
1274 1616 1456 1660 Ἀττικὸν
1487 1621 1627 1667 τοῦτο,

261 1696 343 1740 ἀπὸ
385 1699 452 1739 τοῦ
496 1696 545 1739 ἔα
588 1695 855 1750 συνῃρημένον.
897 1695 1077 1746 σημαίνει
1117 1695 1156 1738 δὲ
1197 1695 1242 1738 τὸ
1284 1695 1331 1738 ἔα
1362 1695 1407 1739 τὸ
1441 1696 1627 1751 ὑπῆρχον.

262 1778 343 1819 ἔστι
375 1777 455 1828 γὰρ
486 1777 567 1818 aim>
599 1780 667 1817 τοῦ
700 1774 744 1825 ἦν
776 1776 886 1817 κατὰ
917 1775 1092 1817 διάλυσιν
1122 1775 1305 1824 Ἰωνικήν.
1335 1777 1534 1828 “Ομηρος·

441 1857 474 1898 εἶ
506 1855 598 1899 τότε
630 1859 756 1906 κοῦρος
788 1855 860 1905 ἔα,
896 1858 959 1897 νῦν
996 1852 1093 1897 αὖτέ
1124 1872 1177 1906 με
1208 1861 1333 1908 γῆρας
1365 1854 1500 1900 ἱκάνει.

323 1935 393 1978 Ex
424 1935 574 1979 lexicis
606 1934 831 1979 rhetoricis
863 1933 1041 1978 fluxisse
1073 1934 1245 1978 docebit
1266 1935 1464 1980 Eustath.
1492 1937 1628 1993 1761,

263 2015 333 2057 51.
376 2014 429 2058 cf.
471 2014 628 2057 Naber.
671 2014 727 2057 ad
773 2013 895 2056 Phot.
938 2013 985 2056 in
1016 2027 1053 2056 v.
1086 2010 1110 2062 ἦ
1140 2017 1183 2056 et
1214 2012 1269 2062 ἦν.
1335 2013 1419 2057 Pro
1450 2016 1531 2057 ἀπὸ
1562 2020 1630 2059 τοῦ

264 2093 307 2144 ἦν
337 2094 433 2149 lege
464 2094 545 2136 ἀπὸ
576 2098 644 2136 τοῦ
677 2091 713 2142 ἦ.
777 2093 954 2136 Homeri
986 2093 1106 2136 locus
1141 2097 1207 2136 est
1238 2093 1363 2137 niad.
1397 2103 1432 2137 Δ
1451 2113 1460 2136 :
1479 2095 1577 2137 321.

324 2173 465 2217 Schol.
512 2171 673 2216 Phileb.
718 2173 777 2215 30
819 2172 856 2214 D
903 2171 1137 2228 [γενούστης
1180 2172 1198 2213 ὁ
1241 2169 1312 2214 οἷον
1354 2175 1570 2223 γεννήτης,
1607 2175 1628 2224 ἢ

264 2253 484 2306 συγγενής,
519 2252 541 2302 ἢ
573 2252 756 2304 ἔγγονος,
790 2249 839 2294 ὧν
869 2252 914 2294 τὸ
940 2256 1168 2294 τελευταῖον
1195 2251 1425 2304 ἐκδέχεσθαι
1456 2252 1630 2303 ἄμεινον,

206 2349 210 2353 ·
265 2332 287 2382 ἢ
330 2332 348 2374 ὁ
388 2329 460 2374 οἷον
501 2329 756 2391 γεννητικός]
797 2336 1028 2382 γεννῆται
1068 2331 1107 2373 δὲ
1149 2332 1227 2384 οὐχ
1266 2331 1299 2373 οἱ
1331 2332 1374 2374 ἐκ
1400 2331 1531 2382 γένους
1564 2337 1629 2377 καὶ

264 2414 341 2466 ἀφ’
383 2411 551 2461 αἵματος
592 2412 869 2464 προσήκοντες,
914 2413 1015 2454 ἀλλ’
1047 2411 1080 2453 οἱ
1111 2412 1154 2453 ἐκ
1184 2415 1259 2453 τῶν
1290 2416 1411 2462 γενῶν
1442 2417 1516 2455 τῶν
1548 2432 1633 2457 συν-

267 2493 529 2544 νενεμημένων
571 2493 624 2540 εἷς
669 2488 744 2539 τὰς
787 2492 997 2545 φρατρίας.
1041 2489 1140 2533 οὗτοι
1182 2491 1222 2533 δέ
1265 2491 1358 2542 εἶσι,
1393 2494 1569 2546 καθάπερ
1600 2496 1632 2537 οἱ

267 2572 432 2622 δημόται
474 2570 541 2613 καὶ
582 2569 798 2623 φράτορες,
844 2570 946 2622 νόμῳ
976 2570 1050 2613 τινὶ
1084 2568 1243 2622 ἔχοντες
1276 2571 1483 2614 κοινωνίαν.
1517 2572 1563 2614 τὸ
1594 2573 1632 2615 δὲ

264 2652 375 2703 γένος
418 2650 502 2703 ἔχει
544 2648 683 2702 ἄνδρας
726 2648 781 2691 λ’.
824 2649 866 2691 αἱ
908 2648 948 2690 δὲ
984 2649 1171 2701 φρατρίαι
1205 2649 1418 2691 ἐκαλοῦντο
1450 2656 1631 2704 τριττῦς,

265 2731 322 2773 ὅτι
364 2729 562 2780 τεσσάρων
603 2732 739 2781 φυλῶν
780 2729 898 2770 οὐσῶν
936 2728 988 2774 εἷς
1021 2728 1110 2779 τρία
1142 2727 1312 2774 ἑκάστην
1345 2728 1479 2771 διεῖλον
1512 2730 1631 2783 μέρη,
