2057 3375
1116 312 1173 354 82

509 453 572 495 De
615 452 741 495 huius
779 451 938 496 Scholii
972 454 1138 508 origine
1173 469 1258 497 non
1291 454 1417 498 aliter
1447 455 1703 498 iudicabunt
1739 456 1816 499 viri

449 532 562 574 docti
596 536 726 587 atque
759 546 892 587 supra
924 532 977 574 de
1013 531 1152 575 Schol.
1186 534 1240 575 ad
1258 532 1434 577 Theaet.
1463 534 1544 576 146
1569 534 1617 576 A.
1661 534 1822 577 Admo-

448 615 549 656 dum
584 613 739 656 similia
772 617 894 667 sunt,
928 627 1040 667 quae
1074 613 1326 656 Eustathius
1359 614 1414 656 ad
1448 614 1571 656 Iliad.
1601 614 1736 664 1289,
1759 615 1817 657 53

446 710 469 739 e
500 694 691 738 Suetonii
712 692 857 736 libello
881 693 965 744 περὶ
988 697 1063 737 τῶν
1087 693 1181 746 παρ’
1199 692 1372 743 “Ελλησι
1396 694 1556 738 παιδιῶν
1579 696 1815 751 excerpsit,

444 776 507 817 ita
528 779 673 817 tamen
698 780 745 816 ut
769 773 970 817 Scholion
993 774 1251 828 locupletius
1270 774 1325 816 sit
1333 792 1344 826 ;
1363 789 1461 816 nam
1482 775 1597 829 apud
1618 774 1816 818 Eustath.

445 855 701 897 omittuntur
745 854 831 896 tria
872 868 1033 909 genera
1074 857 1141 896 τοῦ
1184 853 1496 907 οὶστραγαλίζειν
1544 855 1781 907 (αρτιασμός
1802 890 1813 904 ,

442 934 594 986 τρόπα,
628 933 829 985 ὤμιλλα),
863 946 975 988 quae
1008 936 1153 974 tamen
1187 947 1214 975 a
1246 931 1449 976 Suetonio
1472 938 1813 977 commemorata

441 1013 574 1055 fuisse
628 1014 713 1068 (est
755 1012 1000 1054 observatio
1044 1011 1219 1062 Cohnii,
1272 1011 1333 1053 De
1376 1012 1667 1067 Aristophane
1716 1013 1817 1068 Byz.

441 1097 485 1134 et
525 1090 729 1134 Suetonio
772 1089 930 1145 Tranq.
972 1089 1091 1132 Eust.
1127 1089 1404 1145 auctoribus,
1438 1105 1507 1146 pg.
1541 1090 1646 1145 357)
1681 1090 1812 1135 verba

441 1171 762 1219 demonstrant,
797 1170 953 1224 quibus
987 1169 1187 1213 Eustath.
1222 1184 1262 1224 p.
1291 1170 1429 1220 1290,
1452 1171 1479 1212 3
1504 1170 1814 1225 disputationis

439 1249 565 1292 finem
600 1249 727 1292 facit:
766 1250 815 1295 ὡς
847 1249 886 1291 δὲ
917 1250 982 1291 καὶ
1016 1254 1177 1295 πολλοῖς
1211 1249 1482 1300 ἀστραγάλοις
1517 1249 1674 1303 ἔπαιζον
1707 1251 1812 1293 καθα

438 1331 614 1381 καρύοις,
640 1328 822 1382 ζητητέον
845 1330 883 1371 ἐν
906 1331 958 1380 τῷ
983 1329 1147 1381 Πλούτῳ
1169 1333 1236 1371 τοῦ
1253 1333 1445 1380 κωμικοῦ,
1463 1328 1619 1384 quibus
1636 1343 1813 1385 respon-

438 1409 511 1451 det
556 1407 697 1451 Schol.
741 1407 877 1450 Plat..
898 1441 932 1450 ..
978 1407 1134 1460 ἔπαιζον
1171 1406 1212 1449 δὲ’
1242 1408 1517 1460 ἀστραγάλοις
1551 1407 1616 1450 καὶ
1651 1413 1811 1456 πολλοῖς

437 1488 614 1540 καθάπερ
657 1488 829 1539 καρύοις,
879 1487 952 1529 ubi
1000 1487 1130 1542 paulo
1180 1491 1281 1542 post
1326 1486 1614 1540 Ἀριστοφάνης
1649 1486 1812 1540 Πλούτῳ

437 1567 565 1622 (816)
592 1566 832 1609 laudatur.''
864 1566 928 1610 Cf.
952 1566 1074 1609 Phot.
1099 1582 1132 1608 v.
1165 1567 1343 1622 τρόπα,
1372 1566 1488 1609 Suid.
1520 1582 1584 1611 vv,
1616 1569 1811 1619 οῑρτιασ-

435 1647 496 1699 ,αό
505 1664 547 1699 ς,
578 1647 773 1698 ὥμιλλα
801 1651 844 1690 et
867 1646 1021 1690 Pollux
1039 1646 1113 1690 IX.
1133 1647 1370 1699 94—103‚
1393 1647 1467 1702 qui
1489 1646 1542 1690 de
1565 1646 1810 1691 Stesichoro

435 1726 565 1769 haec:
608 1727 673 1767 καὶ
718 1727 795 1776 μην
835 1727 903 1768 καὶ
948 1727 1191 1778 Στησίχορος
1234 1726 1419 1768 ἐκαλεῖτό
1466 1742 1525 1771 τις
1572 1727 1683 1778 παρὰ
1728 1732 1809 1774 τοῖς

433 1805 793 1858 ἀστραγαλίζουσιν
833 1806 989 1858 οέριθμὸς
1033 1805 1071 1852 ὃς
1116 1806 1251 1855 ἐδήλου
1300 1806 1350 1847 τοὶ
1395 1806 1517 1848 ὀκτώ·
1559 1806 1624 1847 τὸν
1656 1807 1736 1856 γὰρ
1769 1807 1808 1847 ἐν

433 1885 563 1938 Ἱμέρα
610 1888 679 1928 τοῦ
722 1888 880 1934 ποιητοῦ
929 1884 1079 1937 τρέφον,
1125 1884 1168 1935 ἐξ
1210 1885 1306 1928 ὀκτὼ
1352 1883 1510 1927 πάντων
1553 1885 1808 1937 συντεθέντα,

434 1965 684 2013 πεποιηκέναι
728 1967 798 2013 την
840 1965 966 2007 Παντ’
1012 1966 1133 2015 ὀκτὼ,
1181 1965 1288 2018 φασὶ
1332 1966 1557 2015 παροιμίαν.
1621 1965 1684 2006 De
1726 1965 1808 2007 hoc

433 2043 658 2099 proverbio
702 2043 796 2087 vide
840 2043 964 2087 Phot.
1009 2058 1045 2087 v.
1088 2044 1225 2086 πάντα
1267 2044 1388 2095 ὀκτώ,
1433 2042 1591 2086 Zenob.
1636 2042 1685 2085 V.
1727 2042 1807 2093 78,

434 2121 481 2164 Ο.
516 2122 719 2172 Crusius,
746 2122 958 2164 Analecta
980 2123 1132 2164 critica
1154 2122 1211 2164 ad
1233 2120 1650 2176 Paroemiographos
1673 2121 1808 2163 Grae-

390 2198 393 2201 ’
433 2215 518 2244 cos.
553 2201 749 2255 Lipsiae,
788 2201 925 2253 1883,
958 2201 1033 2256 qui
1066 2216 1136 2257 pg.
1169 2201 1251 2243 50:
1285 2200 1392 2242 Mihi
1424 2214 1451 2241 a
1482 2199 1670 2241 talorum
1703 2198 1805 2242 ludo

432 2278 703 2333 proverbium
750 2279 957 2334 originem
990 2280 1164 2322 duxisse
1197 2279 1377 2333 videtur,
1411 2283 1460 2320 ut
1491 2280 1682 2332 spectet,
1721 2277 1805 2328 „ad

431 2371 546 2413 rem,
580 2371 692 2412 quae
724 2357 837 2401 forte
870 2356 1046 2400 fortuna
1078 2357 1187 2401 bene
1220 2356 1376 2400 cadat''
1406 2356 1613 2412 (Erasm.)
1647 2355 1805 2407 Quam-

430 2450 561 2491 quam
603 2452 680 2479 cur
724 2436 998 2480 Stesichorus
1042 2436 1288 2493 appellatus
1332 2436 1386 2479 sit
1422 2436 1565 2478 iactus
1597 2435 1695 2488 ille,
1729 2435 1804 2491 qui

430 2514 544 2558 effici
583 2530 669 2559 non
702 2519 875 2571 poterat
907 2516 991 2558 m'si
1027 2516 1211 2568 „unione
1243 2519 1287 2558 et
1317 2515 1514 2558 ternione
1546 2513 1802 2570 geminatis''

429 2594 597 2648 (Klein,
632 2593 867 2637 Stesichori
899 2594 949 2636 fr.
983 2609 1053 2650 pg.
1087 2595 1189 2648 28),
1221 2595 1339 2651 haud
1373 2594 1481 2636 satis
1513 2594 1673 2648 liquet3
1701 2607 1802 2635 nam

427 2673 496 2716 vix
528 2671 774 2728 probabilia
808 2677 909 2716 sunt
929 2677 1121 2717 veterum
1145 2677 1390 2717 commenta
1411 2676 1489 2715 aut
1509 2672 1799 2716 recentiorum

427 2766 566 2809 nuper
597 2753 838 2810 composita
869 2757 913 2796 et
943 2753 1134 2797 refutata
1166 2767 1194 2796 a
1225 2752 1405 2795 Flachio
1443 2751 1625 2804 „Gesch.
1649 2752 1698 2800 Ad.
1722 2752 1797 2796 Gr.
