2057 3375
1085 257 1143 300 46

430 400 566 448 νόμους
606 398 863 448 ἐξηγούμενος
906 398 973 439 καὶ
1017 400 1099 439 πρὶν
1136 398 1256 439 ὁτιοῦν
1289 400 1489 447 πρᾶγμα,
1525 412 1655 452 quam
1688 397 1797 449 glos·

430 493 524 520 sam
564 478 785 533 Boysenus
825 477 880 519 l.l.
913 492 954 531 p.
986 477 1045 518 46
1080 477 1311 533 Dionysio,
1346 477 1610 519 Mettauerus
1642 477 1697 518 l.l.
1730 491 1798 531 pg.

433 558 517 599 101
553 556 798 600 Pausaniae
829 554 994 599 tribuit.

488 635 591 679 ibid.
635 636 662 678 6
704 635 738 679 C
781 635 859 678 ἐπὶ
900 641 1109 688 σχολῆς·
1153 636 1216 677 ἐπὶ
1256 641 1328 685 τῆς
1370 634 1481 688 παρὰ
1524 639 1603 681 τοῖς
1641 639 1800 679 πολλοῖς

429 715 648 766 λεγομένης
680 716 893 767 εὐκαιρίας.

490 793 711 850 Coniunge
754 792 893 837 Schol.
935 792 1117 836 Phaedr.
1150 793 1235 836 227
1271 793 1306 835 Ε
1337 794 1467 836 κατὰ
1497 793 1706 846 σχολήν·
1740 792 1803 834 ἐπ’

429 875 528 916 αὐτὸ
573 877 711 924 τοῦτο,
761 873 783 922 ἢ
826 875 865 915 ἐν
905 874 1092 928 εὐκαιρίᾳ.
1128 878 1173 916 et
1205 872 1343 916 Schol.
1378 872 1480 928 Rep.
1514 871 1607 915 III:
1642 871 1728 914 388
1764 871 1800 912 D

429 960 608 1006 σχολῇ·
638 953 725 994 ἀντὶ
760 956 828 994 τοῦ
859 953 1051 1003 οὐδαμῶς.
1085 952 1139 995 cf.
1172 951 1311 995 Schol.
1347 952 1450 1007 Rep.
1482 951 1549 993 X:
1584 952 1672 994 610
1703 951 1753 993 Ε.

489 1031 667 1081 Glossa,
699 1032 814 1074 unde
847 1031 955 1074 haee
988 1035 1195 1086 excerpta
1217 1035 1340 1081 sunt,
1363 1031 1520 1087 legitur
1541 1031 1660 1086 apud
1681 1029 1795 1073 Pho-

430 1112 559 1155 tium:
603 1113 783 1164 σχολή·
826 1111 916 1163 οὐχὶ
960 1112 977 1153 ὁ
1020 1112 1160 1161 τόπος,
1205 1112 1244 1153 ἐν
1287 1107 1315 1164 ᾧ
1345 1110 1588 1163 σχολάζουσι
1620 1110 1686 1152 καὶ
1719 1110 1804 1151 δια-

430 1191 605 1242 τρίβουσι
648 1191 732 1242 περὶ
777 1190 982 1238 παιδείαν,
1027 1190 1110 1232 οὐδὲ
1148 1190 1251 1237 αὐτη
1283 1191 1305 1238 ἡ
1337 1189 1376 1231 έν
1408 1189 1539 1240 λόγοις
1572 1188 1802 1243 (εὐμουσία)

431 1271 496 1313 καὶ
529 1270 734 1326 διατριβή,
766 1270 862 1312 αλλ’
892 1268 935 1318 ἣν
967 1269 999 1311 οἱ
1033 1268 1170 1311 πολλοὶ
1202 1269 1351 1321 οὶκύρως
1373 1272 1559 1310 καλοῦσιν
1575 1268 1800 1320 εὐκαιρίαν·

429 1349 475 1392 τὸ
517 1349 556 1392 δὲ
600 1351 788 1402 εὐκαιρεῖν
828 1337 1056 1401 βάρβαρον·
1100 1349 1196 1391 ἀλλ’
1238 1347 1326 1391 ἀντὶ
1374 1348 1446 1398 μὲν
1479 1347 1616 1390 τούτου
1648 1346 1801 1399 σχολὴν

431 1428 547 1479 ἄγειν
594 1429 799 1479 λέγουσιν·
846 1430 868 1477 ἦ
916 1427 956 1469 δὲ
1003 1428 1179 1479 εὐκαιρία
1225 1426 1429 1479 βάρβαρον
1475 1427 1547 1477 μὲν
1593 1428 1660 1468 οὐκ
1699 1426 1803 1467 ἐστὶν

431 1506 577 1558 ὄνομα,
610 1508 806 1549 τάττεται
840 1506 878 1548 δὲ
912 1508 980 1548 οὐκ
1013 1506 1076 1548 ἐπὶ
1110 1511 1287 1559 σχολῆς,
1322 1508 1417 1547 ἀλλ’
1447 1506 1511 1547 ἐπὶ
1545 1508 1674 1556 καιροῦ
1703 1520 1801 1550 τινος

433 1586 603 1640 εὐφυΐας
637 1585 705 1628 καὶ
739 1586 895 1638 αρετῆς.
927 1585 993 1627 καὶ
1028 1585 1198 1640 (σχολῇ)
1228 1584 1315 1627 αντὶ
1347 1588 1415 1626 τοῦ
1447 1584 1637 1633 οὐδαμῶς.
1685 1583 1804 1626 Inter

432 1665 629 1723 Dionysii
672 1664 881 1720 reliquias
923 1664 1017 1707 iure
1061 1664 1278 1719 recepisse
1311 1662 1479 1706 videtur
1510 1662 1802 1706 Schwartzius.

495 1745 636 1788 Schol.
678 1745 803 1799 Apol.
846 1743 964 1787 Socr.
1009 1744 1068 1786 24
1110 1743 1143 1786 C
1181 1742 1579 1795 χαριεντίζεται·
1611 1744 1804 1795 εὐτραπε-

432 1825 618 1876 λεύεται,
651 1824 839 1867 σκώπτει.

492 1904 666 1948 Plenius
710 1902 911 1947 Scholion
954 1902 1113 1959 legitur
1146 1902 1201 1945 ad
1235 1902 1382 1958 Remp.
1414 1900 1501 1945 IV:
1520 1901 1609 1944 436
1647 1901 1682 1943 D
1714 1916 1803 1954 χα-

431 1983 729 2038 ριεντίζοιτο·
773 1982 1122 2034 εὐτραπελεύοιτο,
1166 1982 1360 2031 σκώπτοι,
1403 1982 1452 2026 ὦς
1488 1980 1800 2033 Ἀριστοφάνης·

492 2062 727 2116 χαριεντίζει
759 2061 827 2104 καὶ
858 2061 1122 2113 καταπαίζεις
1155 2062 1261 2111 ἡμῶν
1292 2061 1358 2103 καὶ
1390 2060 1680 2113 βωμολοχεύει.

493 2142 656 2186 Eadem
700 2140 856 2184 Suidas
899 2154 953 2184 ex
994 2140 1146 2183 Photio
1188 2140 1234 2182 in
1279 2154 1314 2183 v.
1359 2137 1799 2193 χαριεντιζόμενοι,

434 2222 551 2278 quod
593 2223 751 2265 lemma
789 2221 906 2276 apud
939 2220 1163 2263 Platonem
1196 2234 1282 2263 non
1313 2219 1468 2264 inveni.
1533 2218 1641 2262 Vide
1675 2217 1804 2261 Stall-

435 2301 579 2344 baum.
613 2300 670 2343 ad
701 2300 742 2343 h.
774 2299 801 2342 l.
832 2303 877 2342 et
908 2298 961 2342 cf.
993 2298 1117 2355 Apol.
1150 2298 1269 2342 Socr.
1302 2299 1357 2341 27
1391 2297 1430 2340 A
1462 2301 1506 2341 et
1535 2297 1586 2340 D.

496 2380 639 2424 Schol.
672 2379 847 2422 Theaet.
886 2378 970 2421 142
1001 2378 1040 2421 A
1082 2378 1216 2431 ἄρτι·
1248 2381 1362 2420 τοῦτο
1394 2377 1575 2428 σημαίνει
1607 2376 1652 2419 τὸ
1684 2376 1806 2429 παρὸν

432 2460 500 2503 καὶ
534 2460 703 2511 ὑπόγειον
736 2458 802 2502 καὶ
834 2459 880 2502 τὸ
911 2460 1142 2511 παραυτίκα
1174 2458 1321 2507 μέλλον
1353 2457 1541 2508 γίνεσθαι.

495 2539 616 2582 Idem
648 2538 730 2582 lex.
763 2537 872 2581 rhet.
904 2537 1039 2580 Bekk.
1062 2538 1183 2597 210,
1218 2538 1288 2580 27.
1351 2536 1490 2580 Aliter
1519 2535 1703 2591 Hesych.

494 2616 603 2660 Ibid.
649 2617 732 2659 178
776 2617 813 2659 Ε
849 2614 877 2658 ὦ
909 2616 1053 2666 μέλε·
1087 2617 1199 2669 παρα
1231 2620 1310 2662 τοῖς
1344 2616 1530 2667 νεωτέροις
1564 2614 1638 2656 ὑπὸ
1670 2628 1804 2663 γυναι·

434 2701 508 2739 κῶν
540 2697 707 2746 λέγεται
740 2696 876 2747 μόνον,
910 2697 959 2742 ὡς
991 2696 1036 2738 τὸ
1067 2693 1094 2737 ὦ
1125 2695 1280 2746 τάλαν,
1314 2696 1424 2746 παρα
1457 2695 1496 2735 δὲ
1517 2699 1595 2739 τοῖς
1615 2698 1803 2739 παλαιοῖς
