2057 3375
1105 316 1192 357 118

521 455 687 498 Locum
719 455 780 498 sic
810 455 930 510 lege:

1002 535 1176 578 Amicus
1209 535 1369 587 dulcis,
1404 540 1453 579 ut
1484 539 1713 591 aequumst
1726 570 1736 587 ‚

519 612 627 656 Cum
670 627 765 655 mea
807 618 1043 669 conpenset
1076 614 1189 657 vitiis
1221 614 1357 667 bona,
1389 614 1586 670 pluribus
1618 614 1761 665 hisce,

519 691 564 733 Si
596 692 722 734 modo
754 693 882 746 plura
913 693 1016 734 mihi
1049 692 1165 735 bona
1199 697 1320 745 sunt,
1353 693 1543 735 inclinet.
1577 727 1580 729 μ
1606 694 1765 736 Amare

520 769 565 813 Si
595 770 707 814 volet
737 772 819 815 hac
850 771 967 827 lege,
999 772 1044 814 in
1076 773 1243 816 trutina
1274 776 1460 828 ponetur
1493 772 1658 816 eadem.

1080 908 1196 952 XIII.

515 1023 579 1068 Id.
612 1022 702 1068 Sat.
734 1023 766 1067 1.
799 1025 827 1067 9
859 1038 919 1067 vs.
954 1025 1010 1067 14
1041 1037 1161 1081 seqq.

1030 1105 1186 1148 misere
1217 1106 1361 1160 cupis,
1393 1106 1558 1161 inquit,
1590 1107 1731 1158 abire,
1759 1121 1761 1124 ’

515 1181 609 1226 Iam
641 1181 803 1226 dudum
833 1181 982 1235 video,
1015 1182 1090 1226 sed
1121 1182 1182 1226 nil
1214 1182 1331 1239 agis,
1364 1197 1503 1240 usque
1534 1183 1717 1240 tenebo,

514 1261 761 1316 Prosequar
791 1261 891 1304 hinc
922 1275 1008 1316 quo
1041 1276 1155 1304 nunc
1184 1263 1267 1305 iter
1299 1266 1366 1305 est
1394 1262 1485 1305 tibi.

516 1341 723 1397 Improbo
766 1341 893 1385 huius
926 1341 1011 1385 loci
1042 1341 1470 1398 interpretationem,
1502 1355 1634 1397 quam
1666 1355 1825 1397 propo-

455 1421 544 1465 suit
584 1422 631 1465 Ε.
675 1420 840 1465 Goebel
881 1420 1019 1478 (Neue
1051 1421 1328 1465 Jahrbiicher
1360 1420 1431 1464 fiir
1462 1420 1700 1477 Philologie
1731 1420 1822 1462 und

454 1501 752 1556 Paedagogik,
799 1501 939 1553 1872,
982 1502 1130 1544 Erstes
1172 1501 1277 1544 Heft
1319 1517 1387 1556 pg.
1421 1501 1569 1557 63114):
1614 1501 1688 1559 'Du
1721 1500 1821 1543 hast

454 1580 747 1624 schreckliche
788 1580 906 1633 Eile,
949 1580 1055 1624 aber
1086 1594 1157 1623 um
1191 1579 1494 1624 meinetwillen
1525 1578 1733 1623 brauchst
1764 1580 1823 1622 du

454 1659 521 1701 dir
563 1659 721 1701 keinen
764 1659 922 1714 Zwang
954 1657 1195 1701 anzuthun:
1229 1659 1298 1700 ich
1331 1658 1471 1701 werde
1504 1658 1640 1701 schon
1670 1658 1824 1700 immer

453 1742 761 1782 voransteuern
793 1737 882 1780 und
913 1736 1053 1782 werde
1089 1736 1156 1780 dir
1178 1736 1258 1780 das
1281 1736 1420 1780 Geleit
1440 1736 1579 1792 geben
1600 1735 1667 1780 bis
1691 1736 1819 1780 dahin

452 1816 592 1860 wohin
624 1816 683 1859 du
710 1816 818 1872 jetzt
847 1829 929 1860 von
961 1815 1055 1858 hier
1087 1829 1139 1858 zu
1170 1815 1311 1871 gehen
1342 1814 1476 1859 hast.''
1524 1815 1687 1858 Locum
1719 1830 1816 1858 cum

453 1896 549 1939 aliis
583 1896 644 1939 sic
675 1896 792 1952 lego:

977 1955 1132 1997 misere
1165 1953 1310 2010 cupis,
1343 1954 1506 2009 inquit,
1539 1954 1683 2005 abire,

511 2035 769 2078 Iamdudum
799 2035 944 2087 video3
979 2034 1055 2077 sed
1087 2034 1149 2077 nil
1181 2034 1296 2089 agis:
1330 2047 1468 2088 usque
1499 2032 1680 2085 tenebo3

513 2113 769 2170 Prosequar.
817 2113 930 2156 Hinc
961 2127 1048 2169 quo
1080 2127 1195 2157 nunc
1227 2113 1309 2156 iter
1343 2116 1409 2156 est
1440 2112 1552 2156 tibi?

1079 2250 1194 2293 XIV.

510 2369 725 2414 Iuvenalis
749 2368 837 2413 Sat.
860 2368 924 2412 111
947 2382 1095 2412 versus
1117 2368 1357 2412 249—253
1379 2368 1554 2424 spurios
1578 2382 1672 2412 esse
1696 2369 1821 2413 duco.

1095 2496 1184 2540 XV.

512 2597 576 2641 Id.
611 2596 698 2641 Sat„
732 2597 816 2640 XII
847 2613 905 2641 vs.
939 2596 1066 2653 97s8:
1664 2658 1672 2666 .

1505 2662 1704 2701 coturnix

574 2738 694 2781 nulla
726 2751 916 2793 unquam
948 2753 1028 2794 pro
1060 2743 1186 2794 patre
1219 2738 1357 2781 cadet.
