2057 3375
1043 297 1101 342 52

506 437 630 489 πλῆξ’
661 437 742 491 ἄορι
775 439 947 491 μεγάλῳ
980 439 1136 493 αἰχμὴν
1167 441 1279 493 παρὰ
1312 440 1457 483 καυλὶν
1489 439 1663 489 ὄπισθεν,

503 518 663 572 α’ντικρὺ
696 519 729 561 δ’
760 517 961 572 οέποὲραξε.

382 598 448 641 καὶ
480 599 525 642 τὸ
557 599 601 641 ἐκ
632 602 701 641 τοῦ
735 599 932 641 ἐναντίου·

503 680 660 732 ἀντικρὺ
692 679 725 721 δ’
757 680 930 722 ἁπαλοῖο
962 679 1009 721 δι’
1041 680 1210 732 αὐχένος
1244 680 1352 729 ἤλυθ’
1383 681 1531 728 οὶκωκή.

440 759 561 802 Haec
591 773 645 802 ex
675 757 797 801 Aelio
831 757 1034 814 Dionysio
1067 762 1272 814 excerpta
1304 772 1397 802 esse
1431 759 1648 803 sententia
1681 763 1749 803 est

378 837 538 880 Naberi
568 837 733 893 Proleg.
766 837 822 879 ad
854 837 974 879 Phot.
1008 851 1077 892 pg.
1111 837 1168 880 36
1201 841 1246 880 et
1274 838 1344 880 65.
1407 837 1602 880 Resectis
1625 838 1750 880 testi-

379 917 533 960 moniis
568 916 683 959 idem
714 916 760 959 in
791 916 892 959 Lex.
925 916 1033 959 rhet.
1064 915 1198 959 Bekk.
1235 916 1343 966 198,
1381 917 1432 959 17
1473 921 1517 959 et
1548 916 1593 958 in
1627 920 1749 959 sexto

375 998 457 1041 lex.
500 996 633 1039 Bekk.
677 996 790 1048 408,
837 996 906 1039 27.
970 995 1065 1039 Non
1100 996 1332 1039 concinunt
1363 1010 1459 1039 cum
1492 996 1751 1040 testimoniis

376 1082 617 1120 ceterorum
655 1075 1058 1132 grammaticorum,
1107 1075 1181 1131 qui
1224 1075 1382 1127 ἀντικρύ
1435 1080 1479 1119 et
1510 1075 1750 1128 καταντικρύ

377 1156 491 1200 idem
533 1169 629 1198 esse
674 1160 805 1210 atque
848 1155 892 1204 ἐξ
934 1156 1114 1201 ἐναντίας
1153 1155 1355 1205 tradunt,
1389 1155 1568 1207 ἄντικρύς
1599 1159 1747 1198 autem

378 1235 462 1277 dici
505 1235 593 1277 sive
636 1249 716 1289 pro
760 1235 823 1275 ἐπ’
865 1235 1013 1280 εὐθείας
1058 1233 1146 1275 sive
1190 1247 1269 1288 pro
1313 1233 1533 1286 διαρρήδην,
1572 1238 1749 1288 φανερῶς

376 1314 431 1358 cf.
469 1313 723 1357 Ammonius
767 1313 834 1357 ed.
868 1312 1149 1357 Valckenaer.
1181 1328 1253 1369 pg.
1288 1314 1356 1357 17.
1418 1312 1603 1370 Hesych.
1635 1314 1680 1357 in
1713 1329 1747 1357 v,

378 1392 553 1436 Sextum
596 1392 679 1435 lex,
716 1392 851 1436 Bekk.
883 1392 997 1444 408,
1031 1393 1101 1435 29.
1164 1391 1280 1436 Suid.
1313 1407 1347 1435 v,
1380 1391 1573 1445 ἄντικρυς.
1607 1392 1747 1437 Schol.

375 1471 526 1516 Venet.
560 1471 615 1514 ad
649 1471 695 1514 Il.
730 1478 788 1514 P:
822 1471 921 1514 359.
953 1471 1091 1528 Etym.
1127 1471 1182 1515 M.
1209 1472 1317 1524 114,
1344 1472 1412 1515 27.
1461 1471 1611 1516 Thom.
1634 1472 1746 1529 Mag.

375 1567 416 1608 p.
450 1552 519 1595 83.
550 1551 780 1608 Phrynichi
812 1551 1010 1607 Epitome
1042 1566 1111 1608 pg.
1133 1551 1222 1594 443
1244 1551 1389 1608 ibique
1411 1551 1597 1595 Lobeck.
1645 1551 1749 1595 Loci

380 1631 549 1675 laudati
592 1634 692 1674 sunt
734 1629 860 1674 Hom.
901 1630 949 1673 Il.
992 1637 1052 1674 I':
1096 1630 1196 1674 359.
1240 1630 1371 1674 Thuc.
1405 1631 1455 1682 2,
1487 1631 1517 1673 4
1549 1633 1575 1686 ξ
1608 1630 1658 1683 5;
1692 1630 1746 1682 8,

376 1712 434 1755 64
468 1714 494 1766 ξ
526 1710 566 1753 5.
612 1710 832 1753 Demosth.
866 1710 920 1753 de
951 1709 1065 1753 falsa
1095 1710 1226 1765 legat.
1260 1710 1371 1761 389,
1409 1711 1463 1753 19
1496 1711 1613 1766 (nam
1646 1709 1747 1753 hinc

374 1792 496 1835 locus
537 1790 740 1834 laudatus
787 1793 876 1842 est,
908 1803 996 1833 non
1018 1803 1071 1832 ex
1103 1790 1299 1833 oratione
1331 1790 1375 1833 in
1407 1790 1745 1847 Aristocratem,

374 1870 447 1913 ubi
495 1873 643 1913 tamen
691 1884 732 1925 p.
783 1869 896 1922 629,
945 1868 1002 1912 28
1045 1868 1204 1925 legitur
1245 1867 1426 1921 ἄντικρυς
1468 1869 1535 1912 καὶ
1581 1868 1745 1929 σαφῶς)

375 1949 500 1992 Hom.
532 1949 582 1991 Il.
615 1955 675 2003 Π,
713 1949 809 1989 114.
843 1947 921 1989 Od.
953 1963 1011 2000 χ,
1049 1949 1115 1990 16.
1145 1947 1275 2003 Apud
1302 1947 1435 1990 Thuc.
1459 1951 1504 1989 et
1525 1948 1745 1992 Demosth.

372 2028 530 2085 legitur
560 2027 614 2070 l.l.
648 2027 850 2079 ἄντικρυς,
884 2026 1000 2082 apud
1034 2026 1256 2070 Demosth.
1288 2026 1415 2079 ὥσπερ
1447 2031 1512 2069 νῦν
1545 2028 1664 2078 λέγω.

434 2107 574 2151 Schol.
607 2106 738 2150 Lach.
775 2107 857 2150 197
893 2106 930 2149 A
962 2110 1136 2161 μῶρον·
1170 2106 1346 2150 Ἀττικοὶ
1380 2105 1498 2156 οὕτως
1525 2107 1591 2150 τὸν
1621 2112 1745 2163 μῶρον

371 2186 765 2243 προπερισπωμένως.

432 2268 553 2311 Phot.
586 2270 760 2318 μῶρον·
794 2267 827 2309 οἱ
860 2265 1032 2308 Ἀττικοὶ
1067 2270 1355 2319 προπερισπῶσι
1386 2267 1466 2309 κτὲ.
1490 2266 1541 2310 cf.
1563 2282 1598 2310 v.
1620 2271 1743 2320 μῶρος

369 2350 454 2404 (pg.
494 2347 609 2398 433,
651 2345 680 2387 4
723 2348 768 2388 et
809 2344 922 2397 435,
968 2344 1023 2387 15
1062 2345 1128 2388 ed.
1160 2344 1333 2401 Naber.)
1395 2345 1522 2389 Talia
1553 2346 1740 2389 curabat

368 2426 517 2470 Aelius
549 2423 796 2480 Dionysius.

429 2504 570 2548 Schol.
612 2502 798 2559 Euthyd.
842 2502 931 2545 302
973 2502 1007 2546 C
1049 2501 1298 2545 Ἀπόλλων
1340 2505 1592 2555 πατρῷος·
1636 2505 1743 2557 φασί

366 2600 465 2631 τινες
498 2583 722 2632 Ἀθηναίους
756 2581 1003 2635 αὐτόχθονας
1035 2586 1184 2635 Φῦναι,
1220 2583 1287 2625 καὶ
1321 2583 1445 2637 τούτῳ
1471 2583 1610 2634 γονέας
1633 2584 1742 2636 ἔχειν

364 2670 441 2714 Γῆν
483 2663 549 2706 καὶ
590 2661 750 2714 “Ηλιον,
793 2660 833 2709 ὃς
878 2662 895 2703 ὂ
938 2661 1058 2709 αὐτός
1104 2663 1208 2705 ἐστιν
1250 2662 1486 2705 Ἀπόλλωνι.
1526 2662 1559 2704 οἱ
1586 2662 1648 2713 δὲ,
1682 2660 1740 2705 ὅτι

363 2742 531 2797 Κρεούσῃ
572 2748 621 2795 τῇ
666 2740 881 2795 Ἐρεχθέως
925 2741 1060 2792 μιγεὶς
1105 2741 1313 2784 Ἀπόλλων
1349 2741 1468 2784 Ἴωνα
1511 2741 1736 2792 ἐγέννησεν,
