2057 3375
860 312 916 352 99

271 451 410 493 Schol.
452 450 636 492 Phaedr.
680 450 766 490 229
804 449 842 489 D
887 448 1063 499 Ἀρείου
1089 448 1290 497 πάγου·
1334 449 1571 498 δικαστήριον

210 528 408 578 Ἀθήνησιν
452 528 491 570 ἐν
521 525 727 580 ἀκροπόλει
756 523 853 569 οὕτω
884 523 1147 577 καλούμενον,
1182 525 1312 577 πάγος
1344 525 1415 575 μὲν
1446 523 1501 568 ὅτι
1535 526 1573 567 ἐν

209 606 316 658 τόπῳ
358 607 495 658 ὑψηλῷ
537 609 673 656 τοῦτο,
708 604 860 656 ’Ἄρειος
903 604 942 645 δὲ
983 606 1078 656 παρ’
1121 603 1204 646 ὅσον
1246 605 1278 646 οἱ
1312 605 1418 656 φόνοι
1449 606 1573 646 ἐκεῖσε

212 686 416 738 ἐκρίνοντο,
450 686 467 727 ὂ
499 684 538 726 δὲ
563 683 688 736 ’Άρης
720 683 864 726 τούτων
898 682 1030 736 ἔφορος
1054 679 1109 730 ἦν.
1134 683 1156 732 ἢ
1178 681 1239 725 ὅτι
1261 683 1304 725 τὸ
1328 683 1410 735 δόρυ
1432 682 1573 732 ἔπηξεν

211 765 358 814 ἐκεῖσε,
391 764 508 807 ὁπότε
539 763 643 811 δίκην
674 762 805 816 ἔλαχε
837 761 928 814 πρὸς
961 762 1203 813 Ποσειδῶνα,
1236 762 1300 805 τὸν
1334 762 1469 805 τούτου
1499 762 1575 805 υἱὸν

210 844 432 895 Ἀλιρρόθιον
457 842 626 896 ἀνελών,
655 841 695 887 ὃς
722 842 949 891 Ἀλκίππην
977 841 1169 891 ἐβιάσατο
1197 843 1265 888 τὴν
1286 841 1424 892 ’Άρεος
1455 843 1575 882 αὐτοῦ

211 922 277 964 καὶ
311 921 538 973 Ἀγραύλου
569 926 639 969 τῆς
673 919 862 972 Κέκροπος
897 920 1110 972 θυγατέρα.

272 998 437 1043 Similia
468 997 647 1051 Suidas,
681 997 797 1054 apud
830 1011 953 1054 quem
988 998 1163 1041 additur
1194 996 1242 1046 ὥς
1274 1003 1393 1051 φησιν
1424 995 1575 1041 Ἑλλά-

214 1095 309 1126 νικος
340 1079 379 1120 ἐν
412 1078 466 1121 α’.

273 1157 374 1201 ibid.
417 1158 507 1201 230
547 1156 584 1199 Β
626 1155 772 1209 άγνος
814 1156 940 1211 φυτόν
985 1173 1024 1199 τι
1073 1156 1293 1207 θαμνῶδες,
1343 1155 1367 1205 η’
1409 1157 1512 1198 ἐστιν
1557 1158 1579 1205 ἡ

217 1237 354 1288 λύγος.

274 1315 456 1371 Hesych.
503 1314 671 1366 ἄγνος·
719 1315 845 1368 φυτὸν
892 1313 987 1357 οὕτω
1038 1315 1275 1364 καλούμενον
1320 1319 1365 1357 et
1406 1314 1577 1365 λύγος·

213 1394 355 1448 ῥάβδος
404 1394 560 1442 οὶπαλή.
608 1392 740 1445 ἄγνος.
786 1394 807 1443 ἢ
851 1376 1069 1447 δενδρύφιον
1113 1393 1329 1445 θαμνῶδες,
1367 1393 1582 1443 ἱμαντῶδες

213 1474 363 1528 φυτόν,
412 1477 543 1529 atque
589 1473 689 1516 hinc
739 1471 939 1516 Scholion
985 1471 1169 1515 fluxerit.
1223 1472 1386 1516 Contra
1432 1472 1580 1515 Aelius

214 1552 449 1608 Dionysius·
470 1552 584 1608 apud
617 1551 794 1595 Suidam
823 1550 895 1608 (cf.
912 1551 1110 1594 Eustath.
1131 1551 1245 1594 1638
1260 1585 1270 1603 ,
1293 1552 1387 1607 10):
1411 1549 1554 1602 ἄγνος
1569 1566 1578 1575 ·

215 1631 353 1685 ἄγνον,
399 1630 488 1683 οὐχὶ
520 1629 642 1679 λύγον
674 1635 859 1673 καλοῦσι·
891 1630 958 1673 καὶ
991 1630 1201 1683 ἀρρενικῶς.
1269 1629 1376 1672 Vide
1408 1629 1577 1672 Ruhnk.

216 1711 271 1753 ad
302 1709 467 1752 Timaei
498 1710 577 1753 leX.
609 1710 655 1752 in
686 1725 722 1753 v,
755 1709 970 1752 Heindorf
997 1709 1054 1752 ad
1085 1710 1199 1752 hunc
1221 1709 1414 1752 Platonis
1436 1709 1577 1752 locum

216 1789 425 1833 adnotat:
462 1789 634 1840 ”Αγνος,
685 1789 822 1840 vitex,
872 1802 1003 1844 saepe
1049 1789 1197 1832 iuncta
1244 1793 1288 1831 et
1333 1792 1580 1845 permutata

216 1883 312 1911 cum
354 1868 543 1911 eiusdem
587 1869 755 1924 generis
799 1868 1029 1912 arbuscula
1071 1869 1211 1921 λύγος,
1257 1868 1412 1911 Atticis
1456 1883 1580 1911 usur-

217 1952 323 2002 pata
357 1946 598 2001 οὶρσενικῶς”.

275 2025 377 2070 ibid.
423 2027 508 2070 257
542 2026 576 2071 C
617 2027 947 2082 λογογράφον·
989 2028 1267 2083 λογογράφους
1305 2027 1385 2080 γαρ
1418 2028 1580 2070 ἐκάλουν

216 2105 249 2148 οἱ
291 2105 455 2147 παλαιοὶ
499 2107 587 2152 τοὺς
610 2106 696 2164 >ἐπὶ
739 2108 861 2159 μισθῷ
898 2105 1039 2156 λόγους
1070 2107 1301 2161 γράφοντας
1334 2107 1399 2148 καὶ
1433 2107 1580 2157 πιπρά-

215 2199 382 2231 σκοντας
422 2184 565 2232 αὐτοὺς
601 2186 653 2227 εἷς
685 2185 939 2238 δικαστήρια,
971 2186 1131 2239 ῥήτορας
1163 2186 1201 2227 δὲ
1233 2185 1320 2231 τοὺς
1354 2184 1400 2227 δι’
1435 2186 1580 2228 ἑαυτῶν

216 2262 423 2315 λέγοντας.

276 2342 448 2386 Laudat
479 2342 696 2387 Heindorf
721 2343 777 2387 ad
808 2343 921 2387 hunc
944 2343 1088 2387 locum
1110 2343 1303 2387 Platonis
1326 2344 1578 2387 Demosthe-

216 2435 314 2464 nem
353 2423 405 2465 de
445 2423 558 2466 falsa
598 2423 677 2479 leg.
709 2438 750 2479 p.
784 2424 870 2466 417
904 2423 1180 2475 λογογράφους
1212 2424 1335 2465 τοίνυν
1365 2425 1432 2465 καὶ
1465 2428 1580 2475 σοφι-

216 2500 317 2548 στὰς
348 2502 561 2544 ἀποκαλῶν
592 2501 681 2550 τοὺς
712 2500 859 2551 ἄλλους
891 2501 957 2546 καὶ
991 2500 1156 2557 ὑβρίζειν
1187 2501 1427 2555 πειρώμενος.

278 2579 416 2624 Schol.
449 2580 657 2625 Alcibiad.
691 2581 843 2624 1:118
866 2582 904 2626 E
934 2583 987 2626 τὼ
1019 2582 1247 2634 Περικλέους
1280 2581 1378 2623 υἱέε·
1414 2581 1579 2626 Ξάνθιπ-

217 2676 288 2707 πος
319 2660 385 2703 καὶ
418 2661 601 2712 Πάραλος
632 2662 665 2703 οἱ
697 2659 922 2713 Περικλέους
953 2662 1043 2710 υἱοί,
1076 2659 1137 2707 οὓς
1171 2661 1236 2702 καὶ
1260 2660 1580 2711 βλιττομάμ-

216 2755 312 2790 μας
344 2739 520 2782 ἐκάλουν.
552 2737 719 2791 βλίτται
751 2740 831 2793 γὰρ
863 2740 928 2782 καὶ
961 2739 1177 2791 βλίττωνες
1206 2739 1238 2782 οἱ
1273 2739 1441 2796 εὐήθεις,
1468 2739 1579 2790 μάμ-

1410 2817 1446 2849 7.
