2057 3375
1061 313 1143 385 ὃν.

403 453 508 496 Xen.
552 453 727 495 Memor.
772 452 833 499 II,
886 454 906 494 1
951 451 984 511 ξ
1017 453 1086 495 26.
1132 453 1351 496 Demosth.
1393 453 1446 495 de
1488 452 1604 495 falsa.
1641 453 1771 507 legat.

402 530 435 591 ξ
467 531 567 575 259.
609 531 660 574 cf.
702 530 847 574 Naber
888 531 1056 586 Proleg.
1099 531 1155 574 ad
1199 531 1321 574 Phot.
1365 545 1433 587 pg.
1466 531 1524 575 36
1565 534 1608 574 et
1638 532 1683 574 in
1714 545 1776 580 v.,

403 612 582 655 Kiihner
623 610 679 654 ad
721 610 827 654 Xen.
859 610 1037 654 Memor.
1069 611 1147 662 l.l.‚
1182 610 1401 655 Schwartz
1433 611 1490 654 ad
1521 610 1612 654 Ael.
1644 610 1770 655 Dion.

402 691 522 746 reliq.
544 690 589 732 in
611 705 645 733 v.
678 689 823 746 Verba
843 690 1013 733 uncinis
1034 690 1203 734 inclusa
1218 704 1272 733 ex
1286 689 1504 748 Hesychio
1523 689 1770 734 Scholiasta

402 770 590 814 intrusit.

462 850 551 893 ibid
584 849 670 893 IV:
702 849 792 893 420
822 850 859 893 Ε
890 848 1058 897 ἓυστίς
1089 850 1171 891 ἐστι
1206 850 1354 893 λεπτὸν
1386 848 1589 903 ὕφασμα,
1620 848 1776 902 περιβό-

402 939 535 977 λαιον,
579 930 601 979 ἢ
644 929 767 982 χιτὼν
801 928 965 982 ποδήρης
1007 933 1240 980 γυναικεῖος.
1273 929 1305 971 οἱ
1338 928 1377 970 δὲ
1409 928 1596 981 τραγικὸν
1627 928 1777 978 ἔνδυμα

402 1008 741 1060 ἐσκευοποιημένον
785 1008 850 1051 καὶ
896 1008 989 1062 ἔχον
1038 1008 1380 1061 ἐπιπόρπημα,
1425 1006 1448 1050 δ’
1485 1009 1590 1051 ἐστιν
1627 1008 1692 1051 ἐπὶ
1727 1014 1777 1060 τῇ

402 1089 532 1143 πόρπῃ
562 1088 854 1140 προσκόσμημα
886 1088 908 1138 ἢ
941 1089 1078 1130 λίθινον
1111 1087 1133 1137 ἢ
1161 1091 1331 1141 χρυσοῦν
1354 1087 1376 1137 ἢ
1402 1087 1618 1140 ἀργυροῦν·
1641 1086 1771 1139 πόρπη

403 1169 444 1211 δέ
482 1171 588 1211 ἐστιν
630 1170 653 1218 ἦ
696 1166 775 1209 ἄνω
816 1173 888 1216 τῆς
931 1166 1144 1220 χλαμύδος
1181 1166 1369 1213 σύνδεσις.
1402 1166 1435 1208 οἱ
1467 1166 1506 1208 δὲ
1534 1165 1705 1216 ξυστίδα
1734 1165 1780 1207 τὸ

402 1247 548 1290 λεπτόν
564 1280 577 1298 ,
612 1247 723 1298 παρὰ
750 1246 794 1289 τὸ
822 1245 993 1297 ἐξύσθαι.
1020 1245 1120 1292 ἰδίως
1152 1244 1193 1287 δὲ
1220 1244 1266 1289 τὸ
1286 1249 1362 1288 τῶν
1384 1244 1591 1298 τραγῳδῶν
1612 1244 1774 1295 ἔνδυμα.

462 1327 530 1370 Ex
571 1325 741 1369 duabus
785 1325 942 1382 glossis
974 1325 1082 1368 haec
1114 1328 1344 1376 constant,
1376 1337 1560 1380 quarum
1593 1324 1776 1367 alteram

403 1406 583 1450 Photius
627 1406 838 1457 servavit,
881 1405 935 1447 de
967 1418 1056 1460 qua
1086 1404 1202 1447 infra
1232 1404 1425 1456 dicetur,
1455 1403 1595 1447 altera
1624 1403 1782 1459 legitur

404 1487 449 1530 in
490 1485 594 1529 Lex,
626 1484 735 1528 rhet.
766 1484 902 1528 Bekk.
934 1484 1048 1536 254,
1080 1483 1162 1527 31:
1207 1483 1544 1535 ἐπιπόρπημα·
1587 1483 1780 1534 κόσμημα

405 1566 427 1615 ἢ
455 1566 591 1607 λίθινον
623 1565 645 1614 ἢ
674 1568 845 1616 χρυσοῦν
873 1564 895 1613 ἢ
922 1564 1125 1615 οέργυροῦν.
1153 1563 1174 1612 ἢ
1202 1562 1359 1612 ἱμάτιον
1384 1563 1558 1605 διπλοῦν.
1590 1561 1717 1614 πόρπη
1741 1562 1780 1604 δέ

404 1646 509 1687 ἔστιν
557 1646 580 1694 ἧ
625 1643 703 1686 ἄνω
752 1649 823 1692 τῆς
866 1642 1078 1695 χλαμύδος
1127 1641 1328 1694 πρόσδεσις
1375 1641 1421 1683 in
1468 1641 1602 1693 serie,
1650 1655 1781 1696 quam

404 1724 627 1779 Boysenus
661 1722 866 1778 Dionysio
897 1721 1098 1764 vindicat.
1145 1720 1209 1764 of.
1238 1719 1425 1776 Hesych.
1454 1734 1489 1762 v.
1512 1721 1778 1774 ἐπιπόρπωμα

405 1806 556 1859 (-αμα·
593 1801 801 1846 Schmidt.
833 1800 998 1855 Recte).

463 1880 568 1926 ibid.
601 1879 691 1924 IV:
724 1880 811 1923 421
847 1879 885 1922 Α
928 1878 1274 1934 νευρορραφους
1314 1875 1401 1921 εἷπε
1435 1881 1661 1931 Λυκοῦργος
1692 1877 1782 1927 τοὺς

405 1964 460 2004 τα
493 1966 608 2014 νεῦρα
639 1962 863 2013 ῥαπτοντας
897 1965 989 2006 ταῖς
1021 1960 1171 2011 λύραις.

466 2041 621 2085 Utrum
667 2038 891 2096 Lycurgus
934 2038 1085 2082 rhetor
1115 2038 1395 2094 respiciatur,
1428 2050 1485 2080 an
1517 2035 1628 2080 alius
1661 2035 1783 2092 quis,

405 2120 582 2162 dubium
625 2124 713 2170 est3
758 2118 833 2161 sed
876 2118 1023 2173 glossa
1065 2117 1235 2173 plenior
1266 2117 1424 2172 legitur
1455 2116 1501 2158 in
1532 2115 1635 2158 Lex.
1668 2115 1776 2157 rhet.

405 2198 540 2242 Bekk.
574 2197 686 2251 282,
720 2197 801 2241 29:
845 2196 1216 2250 νευρορραφους·
1259 2196 1348 2243 τοὺς
1381 2196 1436 2238 τα
1469 2199 1583 2249 νεῦρα
1614 2194 1784 2248 ῥαπτον-

405 2294 480 2325 τας
511 2282 603 2325 ταῖς
629 2278 765 2330 λύραις
791 2277 858 2319 καὶ
881 2282 971 2324 ταῖς
995 2276 1166 2329 κιθάραις
1188 2275 1255 2318 καὶ
1279 2279 1358 2322 τοῖς
1381 2274 1563 2322 τοιούτοις
1585 2273 1773 2327 ὀργάνοις.

406 2357 566 2401 Nostro
597 2357 693 2400 loco
725 2356 972 2409 νευρορραφος
1005 2354 1224 2411 significat
1255 2358 1417 2398 sutor.

465 2435 569 2479 ibid.
601 2435 665 2479 V:
700 2436 787 2479 449
821 2435 859 2478 Α
890 2434 949 2489 ᾖα
981 2434 1235 2484 δισυλλάβως
1268 2434 1314 2476 τὸ
1346 2433 1595 2487 ἐπορευόμην.
1630 2433 1701 2475 σὺν
1729 2433 1784 2486 τῷ

407 2518 505 2559 ἰῶτα
545 2515 751 2569 γράφεται
767 2530 776 2539 ·
819 2516 851 2557 οἱ
884 2519 980 2566 γοῦν
1006 2515 1135 2561 Ἴωνες
1168 2514 1240 2564 ἤϊα
1272 2515 1457 2564 λέγουσι,
1492 2513 1559 2555 καὶ
1592 2514 1709 2562 ἤϊσαν
1740 2513 1785 2555 τὸ

406 2596 545 2646 ἥεσαν·
583 2595 650 2638 καὶ
683 2595 794 2648 παρα
826 2595 1037 2649 Θουκυδίδῃ
1067 2592 1185 2640 οὕτως
1218 2592 1515 2644 ἀναγνωστέον·
1551 2590 1609 2635 ὅτι
1641 2591 1779 2644 ἀκμαί·

406 2676 534 2729 ζοντες
566 2676 683 2724 ἤϊσαν
714 2676 768 2722 εἰς
801 2674 933 2718 αὐτόν.
966 2675 997 2717 οἱ
1033 2675 1071 2716 δὲ
1098 2674 1229 2721 Ἴωνες
1262 2673 1382 2722 ἥεσαν
1414 2671 1481 2715 καὶ
1516 2672 1648 2722 ἤϊσαν.

470 2756 648 2800 Photius
679 2755 792 2800 idem
825 2755 975 2799 addito
1007 2754 1102 2799 loco
1136 2767 1188 2798 ex
1221 2752 1528 2809 Aristophanis
1561 2749 1755 2795 Ὁλκάσιν
1772 2783 1783 2802 ,
