2057 3375
1045 318 1103 358 42

381 456 757 506 κατεχειροτόνησαν
787 459 862 496 τῶν
896 455 1048 508 ἀνδρῶν.
1102 456 1250 511 Neque
1284 462 1429 500 tamen
1461 458 1544 500 hac
1576 458 1746 500 ratione

382 533 594 588 disputari
638 548 765 588 posse
797 534 912 578 hanc
943 535 1130 590 glossam
1162 537 1209 579 in
1242 536 1419 580 Scholia
1450 552 1537 580 non
1569 536 1744 580 fluxisse

382 625 405 653 e
446 611 637 663 Boetho,
681 612 725 654 id
770 614 876 656 satis
918 614 1158 669 perspici03
1204 629 1303 658 nam
1347 615 1403 658 sit
1448 615 1593 671 glossa
1635 615 1749 670 apud

381 690 583 732 Photium
611 705 635 733 e
656 691 793 734 lexico
817 692 1033 735 rhetorico
1057 694 1277 744 desumta‚
1299 693 1393 737 fieri
1416 699 1561 737 tamen
1584 699 1750 750 potest,

381 773 430 812 ut
462 783 490 812 a
522 769 767 814 Scholiasta
797 785 821 814 e
853 771 1018 816 Boetho
1051 772 1190 828 petita
1222 773 1298 823 sit,
1334 774 1407 829 qui
1439 774 1579 817 lexica
1606 773 1751 817 rheto-

381 849 475 892 rica
507 849 776 901 adhibuerit3
809 850 892 892 hoc
921 854 1089 893 tantum
1114 852 1300 906 probare
1324 852 1459 903 volui,
1483 852 1586 907 quia
1606 852 1752 907 glossa

381 927 532 970 eadem
575 928 641 971 vel
685 929 836 972 similis
877 930 923 971 in
968 930 1120 973 Photio
1158 935 1202 973 et
1231 931 1275 972 in
1309 930 1492 974 Scholiis
1526 935 1750 983 occurrat,

380 1020 466 1050 non
509 1009 754 1051 necessario
797 1008 898 1052 inde
941 1009 1085 1065 sequi,
1125 1010 1241 1065 apud
1276 1013 1505 1066 utrumque
1537 1024 1560 1053 e
1593 1010 1747 1054 Boethi

380 1085 537 1128 libellis
581 1087 838 1140 provenisse.
903 1087 996 1129 Iam
1029 1088 1066 1129 si
1098 1092 1265 1131 ceteras
1297 1088 1465 1142 glossas
1498 1089 1747 1131 considera-

381 1180 500 1217 mus,
532 1165 769 1209 invenimus
802 1181 888 1210 non
921 1167 1127 1210 dissimile
1159 1168 1246 1210 veri
1268 1182 1362 1211 esse
1384 1168 1518 1219 duas,
1540 1167 1749 1218 ἑπωβελίκ

380 1248 424 1287 et
466 1244 630 1296 εὕθυνοι,
675 1259 698 1288 e
740 1245 878 1289 lexico
922 1246 1138 1289 rhetorico
1181 1245 1412 1290 Atticistae
1444 1260 1471 1290 a
1504 1245 1748 1290 Scholiasta

380 1323 601 1367 desumtas
648 1337 763 1377 esse3
808 1328 922 1378 tres,
964 1325 1186 1375 διαιτηταί,
1220 1326 1489 1377 εἰσαγγελία,
1524 1326 1751 1379 πρυτάνεις,

380 1404 474 1447 fieri
505 1419 634 1459 posse
667 1409 716 1448 ut
746 1406 938 1448 indidem
966 1407 1264 1460 provenerint3
1288 1407 1341 1449 de
1365 1406 1533 1449 duabus
1555 1411 1751 1457 tantum,

381 1484 594 1538 ἐπίσκηψις
628 1487 672 1529 et
703 1488 967 1539 κακοτεχνιῶν
999 1484 1106 1536 δίκη,
1143 1499 1234 1529 rem
1256 1484 1380 1530 valde
1401 1485 1612 1529 incertam
1634 1498 1749 1541 esse,

381 1565 498 1619 quod
539 1564 693 1608 iisdem
733 1565 934 1608 laborent
976 1565 1094 1620 apud
1137 1565 1426 1608 Scholiastam
1469 1568 1513 1607 et
1544 1565 1744 1607 Photium

382 1644 656 1699 corruptelis.

443 1722 555 1767 Sunt
595 1723 727 1780 igitur
767 1724 881 1767 inter
922 1723 1002 1767 has
1040 1723 1232 1780 glossas,
1277 1722 1331 1766 de
1363 1722 1521 1778 quibus
1553 1722 1753 1766 dubitare

380 1802 522 1857 possis
537 1835 548 1853 ,
570 1816 658 1857 qua
679 1802 748 1844 via
768 1802 815 1844 in
844 1801 1019 1844 Scholia
1040 1801 1336 1857 pervenerint3
1360 1801 1512 1844 eadem
1535 1800 1750 1843 dubitatio

379 1881 423 1922 in
467 1880 563 1923 aliis
596 1894 770 1936 quoque
803 1881 954 1932 oritur,
986 1880 1135 1935 itaque
1167 1880 1313 1923 omnia
1344 1893 1456 1935 quae
1487 1880 1533 1922 in
1566 1878 1750 1923 Scholiis

381 1960 633 2017 Dionysium
677 1960 742 2003 vel
780 1959 1042 2003 Pausaniam
1085 1963 1305 2004 auctorem
1338 1958 1500 2003 habere
1531 1958 1746 2010 videntur,

381 2040 589 2096 singulari
616 2041 776 2098 ‘capite
818 2043 1086 2082 tractaturus
1131 2053 1249 2091 sum,
1295 2043 1439 2082 utrum
1484 2039 1630 2093 glossa
1671 2052 1749 2092 per

380 2120 592 2164 Boethum
624 2119 669 2162 in
702 2118 877 2163 Scholia
906 2117 1079 2161 fluxerit
1100 2132 1234 2161 necne
1255 2119 1301 2161 in
1323 2117 1465 2161 medio
1487 2117 1748 2172 relinquens.

380 2200 444 2242 De
487 2199 642 2254 glossis
686 2198 743 2242 ad
785 2199 852 2241 ius
896 2198 1085 2241 Atticum
1132 2197 1449 2253 pertinentibus
1480 2196 1609 2239 modo
1641 2195 1749 2247 dixi3

381 2294 495 2324 nunc
526 2279 758 2323 videndum
790 2278 844 2322 de
877 2278 1047 2321 ceteris.
1108 2278 1189 2321 Est
1220 2278 1338 2334 apud
1372 2277 1573 2320 Photium
1605 2276 1754 2332 glossa

380 2362 462 2401 σᾶ·
506 2358 809 2412 περισπωμένως
849 2358 905 2400 τὰ
949 2359 1057 2410 σῷοι·
1099 2356 1244 2410 εἴρηται
1278 2357 1316 2399 δὲ
1349 2356 1413 2399 ε’πὶ
1447 2358 1609 2404 θηλυκοῦ
1642 2357 1697 2397 σᾶ
1730 2355 1751 2403 ἦ

381 2441 495 2486 πόλις
542 2437 614 2481 οἷον
663 2438 746 2492 σῴα
794 2442 816 2488 ἠ
864 2439 1002 2489 πόλις,
1046 2452 1176 2493 quam
1218 2437 1414 2479 Naberus
1457 2436 1613 2479 Boethi
1658 2448 1753 2478 esse

382 2518 603 2562 contendit
634 2517 727 2561 coll.
762 2516 903 2560 Schol.
936 2516 1053 2561 Criti.
1094 2517 1176 2559 111
1212 2515 1245 2560 C
1278 2518 1342 2558 σοῖ
1375 2516 1430 2558 τὰ
1458 2519 1542 2558 σῶα.
1564 2523 1750 2566 μονοσυλ-

381 2598 519 2650 mmm
558 2597 685 2651 φασὶν
718 2598 917 2645 Ἀττικοί,
959 2597 1026 2638 καὶ
1069 2596 1133 2638 τὸν
1166 2600 1260 2637 σῶον
1292 2599 1390 2637 σῶν·
1425 2596 1491 2636 καὶ
1527 2597 1549 2643 ἡ
1582 2594 1666 2635 σώοι
1698 2595 1753 2634 σῑὶ

382 2678 476 2731 παρ’
524 2680 670 2724 αὐτοῖς.
747 2677 909 2720 Verum
953 2690 1039 2720 non
1082 2690 1179 2721 cum
1227 2675 1313 2718 ista
1359 2674 1507 2731 glossa
1555 2672 1754 2716 convenit

384 2757 610 2810 Scholion,
635 2756 749 2815 quod
776 2761 919 2801 tamen
942 2754 1140 2800 Naberus
1164 2754 1273 2799 satis
1297 2757 1500 2797 accurate
1523 2751 1752 2797 convenire
