2057 3375
998 293 1025 333 3

323 437 422 477 sunt
463 448 515 477 ex
554 433 805 489 Diogeniani
843 432 928 476 sive
962 432 1166 489 Hesychii
1197 432 1359 485 lexico,
1393 447 1444 476 ex
1478 432 1687 490 Stephani

321 513 547 568 Byzantini
586 514 765 557 Ἐθνικοῒς
798 513 842 553 in
876 511 1058 554 Scholiis
1080 512 1137 554 ad
1160 512 1461 561 Menexenum‚
1487 513 1689 566 Gorgiam

322 595 367 635 et
408 590 673 635 Alcibiadem
706 590 750 643 I,
794 604 846 634 ex
891 588 1103 634 Strabone
1136 589 1278 635 Schol.
1312 590 1496 647 Sophist.
1532 592 1619 636 216
1652 591 1689 635 A

323 671 377 725 (εἴ
405 687 443 712 τι
475 671 535 711 δεῖ
563 669 769 721 Στράβωνι
802 669 1001 710 πείθεσθαι
1032 671 1087 720 τῷ
1119 670 1363 725 γεωγροέφῳ)
1389 676 1433 712 et
1455 671 1581 721 alibi3
1605 673 1689 714 duo

322 755 552 806 praeterea
591 764 724 805 opera
768 749 1004 792 laudantur
1043 749 1213 793 Claudii
1245 750 1478 793 Ptolemaei
1510 751 1692 794 Alexan-

323 829 455 878 drini,
490 829 674 871 alterum
706 828 986 880 Γεωγραφικοιὶ
1021 828 1239 879 damula-ecc
1273 829 1525 884 inscriptum
1551 829 1690 874 Schol.

323 908 411 951 Ion.
456 908 541 950 533
573 908 633 958 D,
678 908 859 950 alterum
892 907 1239 961 Γεωγραφούμενα
1273 907 1410 951 Schol.
1444 909 1546 964 Rep.
1582 911 1689 953 VII:

321 986 412 1029 ’519
441 986 485 1030 G.
533 986 652 1029 Inter
682 986 847 1038 fontes,
876 986 991 1029 unde
1016 985 1282 1029 Scholiastae
1305 986 1475 1030 fabulas
1498 987 1690 1033 Graecas

325 1067 585 1116 hauserunt,
643 1066 845 1121 princeps
893 1069 959 1108 est
1006 1065 1258 1121 Apollodori
1305 1066 1574 1111 Bibliotheca
1621 1069 1692 1124 (cf.

325 1145 550 1188 Mettauer.
594 1145 651 1187 1.1.
695 1159 764 1200 pg.
801 1144 904 1201 48),
941 1150 1031 1187 tum
1073 1145 1143 1187 hic
1174 1145 1282 1195 illic,
1318 1144 1457 1188 Schol.
1491 1147 1594 1202 Rep.
1631 1148 1691 1190 V:

325 1226 410 1266 451
460 1225 497 1267 A
540 1225 671 1279 Legg.
702 1225 787 1266 XI:
828 1225 917 1266 914
957 1224 1017 1273 B,
1058 1224 1237 1267 Cornuti
1276 1228 1606 1269 commentarius
1639 1229 1691 1270 de

324 1307 481 1347 natura
524 1302 701 1347 deorum
744 1303 965 1359 gentilium
1009 1302 1229 1346 adhibitus
1276 1308 1354 1347 est.
1419 1304 1691 1350 Enarrantur

324 1383 369 1423 in
416 1383 610 1436 plurimis
659 1382 843 1424 Scholiis
897 1382 1008 1423 vitae
1056 1382 1428 1437 philosophorum,
1477 1385 1690 1439 sophista-

325 1476 441 1514 rum,
486 1464 729 1517 poetarum,
775 1460 854 1512 al.‚
898 1474 1009 1516 quae
1052 1476 1207 1517 magna
1248 1476 1326 1517 pro
1366 1468 1490 1517 parte
1523 1468 1688 1508 sumtae

325 1545 426 1584 sunt
467 1555 521 1584 ex
563 1540 765 1597 Hesychii
809 1540 964 1584 Milesii
1010 1540 1319 1597 Onomatologo
1353 1543 1418 1584 vel
1453 1546 1582 1585 πίνακι
1615 1549 1689 1587 τῶν

324 1622 362 1662 ἐν
394 1620 554 1673 παιδείᾳ
588 1622 829 1670 ὀνομαστῶν,
865 1633 1003 1675 neque
1036 1624 1181 1663 tamen
1214 1635 1266 1663 ex
1297 1621 1464 1676 integro
1488 1622 1690 1678 Hesychii

324 1699 457 1749 libro,
491 1699 566 1741 sed
601 1713 655 1741 ex
687 1699 882 1754 epitome.
926 1698 988 1741 Cf.
1019 1699 1148 1741 etiam
1173 1698 1374 1754 Hesychii
1400 1700 1554 1743 Milesii
1576 1701 1690 1743 Ono-

326 1779 531 1835 matologi
564 1793 676 1834 quae
710 1783 965 1834 supersunt3
999 1793 1092 1821 cum
1126 1779 1439 1833 prolegomenis
1458 1781 1593 1823 edidit
1615 1782 1689 1824 Jo-

325 1873 460 1901 annes
502 1858 649 1901 Flach.
694 1858 809 1913 Lips.
845 1858 971 1900 1882.
1019 1857 1183 1900 Partim
1216 1863 1359 1901 autem
1393 1874 1445 1901 ex
1478 1875 1686 1903 commen-

324 1938 446 1982 tariis
477 1937 884 1994 Neoplatonicorum
922 1937 966 1979 in
1000 1936 1172 1980 Scholia
1205 1939 1481 1982 transierunt.
1531 1940 1686 1984 Verum

325 2031 378 2059 ex
419 2016 538 2059 fonte
581 2017 710 2072 plane
753 2017 945 2068 diverso,
986 2017 1029 2058 id
1062 2017 1175 2071 quod
1210 2017 1347 2072 primo
1380 2017 1529 2060 obtutu
1563 2019 1688 2063 facile

325 2101 533 2154 apparet,
567 2097 732 2153 aliquot
762 2097 873 2140 vitae
905 2095 1085 2149 fluxere,
1121 2111 1231 2152 quae
1266 2098 1473 2152 singulari
1496 2100 1687 2154 quadam

326 2176 564 2218 eruditione
606 2189 711 2230 prae
755 2176 911 2217 ceteris
954 2175 1183 2216 excellunt.
1249 2175 1358 2217 Sunt
1389 2177 1689 2232 Aristophanis

325 2255 413 2298 vita
457 2254 597 2297 Schol.
638 2254 760 2309 Apol.
808 2253 924 2297 Socr.
969 2255 1021 2296 19
1055 2253 1112 2305 G,
1152 2253 1282 2309 Anyti
1326 2254 1556 2309 Meletique
1588 2256 1689 2300 ibid.

329 2334 382 2377 18
415 2334 474 2386 B,
508 2331 852 2389 Chaerephontis
883 2332 984 2375 ibid.
1018 2332 1076 2375 20
1111 2332 1167 2385 A,
1199 2331 1382 2389 Lyconis
1413 2333 1515 2377 ibid.
1548 2336 1605 2378 23
1627 2336 1687 2392 E,

325 2413 562 2468 Agathonis
608 2412 747 2455 Schol.
792 2412 935 2467 Symp.
972 2413 1057 2454 172
1089 2412 1148 2462 A,
1186 2413 1397 2467 Aspasiae
1431 2413 1567 2457 Schol.
1600 2416 1690 2458 Me—

324 2507 418 2536 nex.
459 2492 546 2535 235
578 2492 626 2535 E.
689 2491 808 2542 Quae
860 2492 971 2534 vitae
1018 2492 1132 2534 unde
1180 2493 1478 2547 provenerint,
1521 2494 1691 2550 ignora-

324 2575 408 2615 tur.
468 2571 547 2613 His
591 2570 757 2625 aliquot
796 2569 970 2613 Scholia
1014 2570 1178 2613 addere
1222 2584 1474 2627 possumus,
1507 2586 1689 2628 quorum

325 2652 443 2706 origo
498 2650 729 2693 manifesta
783 2653 858 2692 est.
908 2649 1049 2693 Schol.
1098 2649 1242 2705 Symp.
1297 2651 1380 2693 179
1418 2651 1454 2692 Β
1502 2653 1692 2695 continet

324 2729 582 2786 hypothesin
624 2729 844 2783 Euripidis
890 2728 1065 2771 fabulae
1107 2728 1336 2771 Alcestidis
1380 2729 1607 2774 manifesto
1639 2747 1692 2775 ex

1520 2808 1556 2841 1‘
