2057 3375
913 304 968 346 67

261 441 388 485 lentis
431 444 637 499 exemplis
681 443 828 487 docuit
871 443 1069 486 Naberus
1114 444 1159 486 in
1201 443 1364 500 Proleg.
1408 445 1465 487 ad
1506 445 1628 505 Phot·

261 536 327 576 pg.
372 522 453 573 65,
500 523 579 572 66,
624 522 878 576 quibuscum
922 522 1213 573 conferantur,
1257 537 1369 577 quae
1410 524 1522 566 idem
1564 525 1626 566 vir

262 601 364 644 clar.
407 601 633 645 adnotavit
681 601 736 644 ad
780 601 972 656 singulas
1017 601 1184 657 glossas
1217 598 1240 651 ἦ
1271 601 1367 653 δ’ἔς,
1403 602 1627 653 Κυψελιδῶν

261 681 471 736 ἀνάθημα,
505 681 670 723 παιδικά
684 714 696 736 ‚
720 680 946 733 τευτάζειν,
970 682 1312 734 περιαγειρόμενοι,
1335 682 1457 725 alias.
1491 682 1627 738 Saepe

261 760 450 803 Boethus
483 759 543 801 nil
576 759 694 802 aliud
726 760 948 815 praestitit
970 773 1099 815 quam
1123 762 1237 815 quod
1259 761 1431 816 glossae
1455 761 1627 803 aliunde

262 844 467 894 acceptae
508 854 639 882 unum
682 838 878 894 pluresve
921 839 1038 882 locos
1082 854 1104 882 e
1148 839 1327 883 Platone
1372 840 1628 896 adscripsit,

261 918 391 974 idque
423 917 521 974 plus
554 932 685 974 quam
719 917 848 961 semel
880 918 975 973 ipso
1008 918 1255 974 philosophi
1278 919 1447 962 nomine
1471 920 1628 963 omisso

263 1012 297 1041 e.
340 1012 374 1041 c.
427 999 472 1041 in
523 998 678 1054 glossis
732 998 957 1052 τευτάζειν,
1011 1000 1221 1051 ὄργεῶνες,
1276 1000 1625 1051 περιαγειρόμενσι,

261 1083 540 1128 πλημμελεῖν,
574 1078 829 1130 ὄρτυγοκόπος
862 1078 937 1121 ubi
969 1083 1058 1121 est:
1087 1079 1196 1129 λέγει
1219 1077 1280 1121 οὖν
1306 1079 1416 1133 (scil.
1439 1080 1627 1136 Πλάτων)

262 1156 300 1198 ἐν
336 1156 593 1211 Ἀλκιβιάδῃ,
629 1156 885 1210 κερασβόλα,
919 1157 965 1200 111
998 1170 1087 1212 qua
1119 1156 1277 1213 legitur
1309 1156 1403 1200 ὅταν
1436 1155 1497 1201 οὖν
1527 1158 1628 1211 λέγῃ

265 1236 339 1288 (sc.
383 1236 583 1289 Πλάτων).
653 1235 766 1278 Hine
809 1249 896 1278 non
940 1236 1252 1285 dubitabimus,
1303 1237 1468 1292 opinor,
1516 1237 1627 1280 alias

264 1315 455 1369 glossas,
499 1314 574 1358 ubi
614 1315 727 1358 idem
772 1315 1072 1368 observamus,
1114 1316 1264 1359 eodem
1296 1316 1480 1368 referre,
1514 1317 1629 1360 velut

262 1393 427 1451 βλᾶκα,
450 1394 700 1447 λυγιζόμενος
714 1428 723 1444 ,
747 1394 864 1445 ἅδην,
888 1396 1057 1447 emma,
1080 1399 1266 1447 Φιτῦσαι,
1285 1396 1492 1447 νυκτερίδος
1513 1394 1628 1443 αἶνος.

265 1474 361 1517 Νο11
404 1489 573 1530 semper
614 1480 758 1518 autem
799 1475 994 1518 Platonis
1039 1475 1154 1518 locos
1198 1476 1483 1531 adscripsisse
1521 1477 1628 1520 Boe-

262 1553 406 1605 thum‚
451 1554 526 1595 sed
564 1554 633 1596 1110
664 1555 751 1596 11110
784 1554 901 1609 apud
932 1554 1073 1608 ipsum
1104 1554 1378 1609 Pamphilum
1410 1555 1624 1598 invenisse

261 1634 383 1687 patet
414 1646 468 1674 ex
499 1632 553 1688 gl.
586 1632 907 1686 ἐγχυτρίστριαι,
943 1645 1073 1687 quam
1107 1631 1261 1675 Suidas
1293 1637 1337 1676 et
1358 1631 1497 1675 Schol.
1522 1632 1623 1676 Min.

263 1711 351 1754 315
373 1711 405 1755 G
439 1727 461 1754 e
493 1712 680 1762 Boetho,
727 1712 869 1756 Schol.
908 1712 1039 1755 Arist.
1077 1711 1209 1767 Vesp.
1252 1712 1338 1755 289
1387 1727 1409 1755 e
1458 1713 1628 1769 Didymi

261 1790 397 1833 lexico
446 1791 609 1834 comico
652 1791 886 1835 servavisse
942 1791 1152 1834 videntur.
1214 1790 1435 1847 Leguntur
1482 1794 1624 1835 autem

262 1869 393 1912 verba
430 1871 561 1916 Μίνως
606 1871 628 1919 ἢ
674 1871 757 1923 περὶ
802 1871 915 1921 νόμου
957 1875 1002 1913 et
1042 1870 1159 1925 apud
1202 1869 1380 1912 Suidam
1422 1874 1466 1913 et
1508 1872 1624 1926 apud

263 1947 547 1992 Scholiastam
581 1949 895 2004 Aristophanis.
927 1949 978 1991 In
1011 1948 1291 1992 diiudicanda
1311 1950 1455 2004 glossa
1478 1955 1623 1993 utrum

262 2040 285 2069 e
316 2027 470 2070 Boethi
502 2028 658 2071 libellis
681 2027 853 2072 fluxerit
875 2042 1031 2079 necne,
1065 2028 1195 2071 etiam
1217 2028 1299 2071 hoo
1321 2042 1398 2071 nos
1422 2029 1624 2072 adiuvare

260 2108 442 2162 poterit,
485 2109 600 2163 quod
645 2108 689 2150 in
721 2108 788 2151 his
820 2109 974 2164 glossis
1007 2108 1224 2151 interdum
1268 2109 1510 2152 accuratius
1553 2123 1625 2151 ex-

260 2186 489 2243 planatur,
537 2187 582 2229 in
626 2201 711 2243 quo
755 2202 867 2231 nexu
910 2187 1221 2231 sententiarum
1262 2187 1382 2230 locus
1425 2202 1448 2230 e
1490 2188 1624 2243 scrip-

260 2270 353 2307 tore
406 2267 593 2320 quodam
646 2267 846 2310 laudatus
898 2267 1016 2322 apud
1064 2267 1179 2309 hunc
1223 2268 1363 2321 ipsum
1413 2272 1623 2310 occurrat.

261 2341 323 2386 Cf.
377 2343 566 2387 Cobetus
619 2344 823 2388 Mnemos.
870 2345 934 2388 IX
980 2360 1050 2402 pg.
1097 2345 1189 2389 430
1236 2346 1288 2388 de
1333 2345 1387 2400 gl.
1436 2346 1619 2400 παιδικά,

260 2423 410 2471 γλυκὺς
442 2423 600 2472 ἀγκών,
635 2424 757 2476 ὁμοῦ,
790 2423 947 2478 quibus
980 2424 1095 2466 adde
1123 2425 1179 2479 gl.
1211 2424 1318 2470 τέως.
1352 2423 1447 2465 Hoc
1479 2428 1623 2466 autem

262 2500 486 2556 Pamphilo
530 2501 596 2544 vel
634 2501 726 2544 eius
759 2500 948 2545 fontibus
981 2502 1149 2555 deberi,
1181 2516 1267 2545 non
1299 2501 1485 2553 Boetho,
1520 2502 1623 2544 mihi

261 2580 467 2636 persuasi.

321 2659 384 2702 De
416 2659 633 2703 nonnullis
666 2660 821 2715 glossis
855 2660 1137 2715 amplioribus
1169 2673 1257 2714 qua
1290 2658 1362 2701 via
1383 2658 1427 2700 in
1450 2657 1623 2702 Scholia

260 2738 532 2793 pervenerint
574 2738 749 2781 dubium
792 2741 859 2780 est
896 2744 1074 2794 propter
1106 2738 1369 2793 singularem
1403 2737 1622 2792 quandam

1452 2816 1488 2847 5.
