2057 3375
269 965 522 1008 Academiae
562 965 655 1008 vale
696 965 864 1008 dicturo
905 963 1018 1006 nihil
1047 962 1155 1005 mihi
1183 966 1316 1015 restat
1346 961 1574 1004 iucundius

203 1068 333 1111 quam
377 1059 427 1096 ut
475 1055 594 1110 qrati
640 1054 774 1096 animi
819 1066 985 1095 sensum
1035 1051 1266 1108 siquificem
1312 1064 1413 1107 erqa
1459 1051 1572 1092 viros

195 1144 588 1199 praestantissimos
601 1175 612 1196 ‚
662 1142 738 1198 qui
779 1141 1083 1197 Praeceptores
1124 1140 1231 1182 mihi
1276 1141 1546 1195 eoutiqerunt
1557 1155 1573 1191 ;

200 1231 401 1288 inprimis
442 1244 544 1287 erya
590 1229 671 1285 Te,
716 1229 853 1272 Pater
892 1228 1118 1272 Carissime
1131 1262 1142 1284 ‚
1187 1229 1263 1285 qui
1300 1243 1363 1271 me
1386 1242 1572 1285 puerum

205 1320 362 1361 latinae
406 1319 575 1375 linquae
617 1322 656 1360 et
694 1331 870 1374 yraecae
912 1317 1123 1360 elementis
1164 1318 1228 1359 ita
1270 1316 1480 1373 imbuisti,
1523 1321 1572 1359 ut

195 1421 279 1462 per
312 1411 442 1448 totam
472 1407 602 1447 vitam
633 1406 913 1447 institutionis
951 1404 1067 1446 Tuae
1097 1404 1268 1458 fructus
1289 1409 1570 1461 percepturus

201 1496 294 1537 sim.
358 1493 487 1536 Nunc
528 1494 663 1550 iqitur
686 1494 841 1549 palam
869 1494 1037 1549 qratias
1069 1507 1199 1549 quam
1229 1495 1437 1535 maximas
1476 1493 1573 1536 Tibi

204 1582 336 1638 offero
359 1595 446 1639 pro
477 1582 644 1639 eqreyia
674 1581 756 1625 illa
785 1581 1072 1637 institutione,
1106 1595 1235 1638 quam
1261 1582 1366 1625 satis
1390 1582 1570 1625 laudare

206 1683 375 1725 nequeo.
628 1728 630 1730 Ι

267 1757 538 1800 Permultum
573 1757 668 1800 Tibi
692 1772 755 1799 me
776 1757 941 1813 debere,
973 1755 1216 1800 Clarissime
1242 1771 1335 1800 VAN
1358 1771 1574 1803 HERWER-

208 1858 314 1902 DEN,
332 1846 561 1889 Promotor
572 1846 956 1901 Aestumatissime,
977 1846 1119 1889 lubens
1127 1847 1347 1903 profiteor.
1382 1849 1575 1892 Publicis

200 1935 470 1991 privatisque
513 1933 756 1976 lectionibus
786 1934 931 1977 studia
962 1948 1055 1977 mea
1085 1935 1254 1990 fovisti,
1289 1938 1412 1979 rectis
1444 1940 1575 1980 cousi-

211 2023 279 2064 liis
321 2035 385 2063 me
416 2021 621 2063 adiuvisti
652 2026 691 2063 et
721 2021 874 2077 ubique
905 2021 1227 2065 benevolentiam
1264 2023 1402 2066 Tuam
1433 2026 1479 2067 iu
1511 2040 1573 2067 me

201 2100 471 2165 praestitisti.
535 2108 799 2151 Persuasum
847 2108 942 2150 Tibi
984 2109 1130 2151 habeto
1180 2125 1244 2152 me
1287 2111 1387 2152 haee
1417 2126 1577 2168 semper

207 2200 333 2252 yrato
365 2196 508 2237 animo
540 2194 875 2238 recordaturum.

284 2282 437 2338 Vobis,
480 2282 577 2325 Viri
609 2282 850 2326 Clarissimi
880 2294 1146 2340 OPZOOMER,
1179 2296 1375 2342 WIJNNE,
1409 2299 1579 2333 FRANG-

214 2384 332 2426 ΚΕΗ,
365 2373 553 2413 mamima
584 2376 623 2413 et
645 2376 857 2427 perpetua
879 2373 1026 2428 qratia
1047 2386 1075 2413 a
1094 2386 1158 2414 me
1180 2372 1409 2416 habebitur.
1454 2377 1578 2420 Nuu-

216 2472 346 2515 quam
376 2472 461 2501 uon
487 2457 677 2514 qaudebo
708 2473 772 2501 me
805 2459 994 2501 lectiones
1030 2459 1202 2502 Vestras
1222 2460 1578 2520 frequentavisse‚

213 2545 325 2588 unde
360 2544 591 2587 uberrimos
622 2545 793 2599 fructus
825 2551 864 2588 et
899 2551 998 2588 tunc
1029 2560 1124 2588 cum
1154 2548 1383 2591 intereram
1413 2556 1581 2609 percepi

215 2638 254 2675 et
291 2647 404 2675 nunc
427 2634 632 2689 percipio.
700 2633 812 2685 Quid
842 2633 954 2675 vobis
985 2633 1152 2675 debeam
1165 2667 1176 2688 ,
1219 2634 1316 2677 Viri
1346 2636 1580 2683 Praestan-

218 2722 391 2775 tissimi,
434 2734 656 2777 nunquam
697 2721 942 2776 obliviscar,
985 2721 1086 2763 dum
1127 2724 1307 2779 spiritus
1355 2725 1428 2767 hos
1473 2732 1582 2785 reqit

217 2813 352 2851 artus.
