2057 3375
1045 323 1128 366 106

404 460 550 512 πατρὸς·
582 460 646 503 καὶ
677 461 846 514 μητρός,
874 460 1059 514 ἀδελφῶν
1080 476 1125 503 τε
1147 458 1245 503 οὖσα
1266 461 1420 512 ἔρημος.
1442 460 1540 507 τινὲς
1563 460 1602 502 δὲ
1623 461 1774 509 ταύτην

404 540 688 590 ε’πιπαματίδα
720 539 787 581 καὶ
819 543 1046 592 πατροῦχον
1077 543 1277 583 καλοῦσιν.

464 617 588 661 Prior
618 617 778 661 Scholii
811 632 913 674 pars
944 631 1081 674 usque
1114 617 1170 661 ad
1202 618 1406 672 ἐπίκληρος
1438 618 1637 661 convenit
1668 631 1766 661 cum

402 696 557 739 Photio
587 697 633 739 iu
663 711 698 740 v.
730 695 876 740 Verba
907 697 929 746 ἢ
960 697 1005 739 τὸ
1036 701 1111 740 τῶν
1143 698 1248 749 ἱερῶν
1269 698 1410 750 ἀνδρῶν
1434 698 1625 746 σύστημα
1651 700 1769 740 reete

403 776 458 818 ab
491 775 727 819 editoribus
760 775 1031 819 Scholiornm
1063 776 1231 820 uncinis
1254 777 1445 828 inelusa3
1469 775 1653 820 similem
1674 775 1774 830 qui-

403 853 501 899 dem
543 855 947 911 interpretationem
989 854 1169 900 Photius
1217 854 1349 900 habet
1390 856 1436 899 in
1477 855 1557 912 gl.:
1608 854 1773 907 λέγεται

400 940 536 988 κλῆρος
566 936 633 977 καὶ
665 936 709 978 τὸ
741 935 932 986 σύστημα
962 940 1037 978 τῶν
1063 936 1243 979 διακόνων
1270 937 1336 979 καὶ
1368 936 1661 990 πρεσβυτέρων,
1692 935 1774 978 sed

403 1013 507 1069 quin
538 1014 649 1058 haee
679 1014 763 1070 ipsi
793 1013 971 1067 Photio,
1002 1015 1079 1058 illa
1102 1013 1374 1059 Scholiastae
1397 1015 1655 1066 debeantur,
1687 1028 1774 1058 non

403 1092 566 1136 dubito.

463 1171 571 1215 Cum
603 1171 743 1216 altera
774 1176 900 1228 parte
934 1171 1184 1216 conferatur
1216 1171 1357 1216 Schol.
1392 1172 1612 1228 Aristoph.
1647 1171 1772 1227 Vesp.

402 1250 488 1292 581
526 1270 582 1286 =
618 1249 735 1294 Suid.
768 1265 805 1294 v.
839 1251 1055 1304 ἐπίκληρος.

461 1328 569 1372 Vide
606 1343 779 1385 quoque
809 1329 911 1373 Lex.
944 1329 1101 1372 rhetor.
1135 1328 1269 1373 Bekk.
1304 1329 1448 1379 256,8.
1480 1329 1658 1372 Baehm.
1691 1330 1772 1372 lex.

402 1409 577 1462 230‚12.
640 1408 953 1465 Aristophanes
996 1409 1230 1466 Byzantius
1264 1409 1473 1466 singulari
1508 1410 1650 1466 eapite
1683 1403 1774 1465 egit

401 1488 486 1540 περὶ
518 1493 761 1539 συγγενικῶν
783 1490 980 1539 ὀνομάτων
1003 1492 1133 1544 atque
1155 1488 1283 1531 huius
1306 1489 1528 1532 doetrinae
1552 1488 1771 1544 permulta

403 1567 642 1621 specimina
673 1567 718 1609 in
750 1567 890 1610 lexica
921 1572 1068 1610 vetera
1099 1570 1143 1610 et
1173 1567 1434 1610 scholiorum
1469 1572 1663 1610 veterum
1686 1567 1774 1609 col-

401 1644 607 1688 lectiones
642 1645 869 1688 transiisse
902 1650 1048 1688 monet
1079 1644 1201 1688 Cohn
1234 1645 1288 1689 1.1.
1322 1659 1390 1702 pg.
1424 1645 1511 1688 318
1546 1645 1598 1688 cf.
1631 1644 1772 1688 Schol.

402 1723 507 1779 Rep.
549 1723 618 1766 V:
651 1725 742 1767 460
773 1723 832 1775 C,
874 1724 976 1767 ibid.
1011 1724 1059 1767 1:
1093 1724 1181 1767 343
1214 1725 1250 1766 A
1282 1725 1336 1767 de
1368 1738 1470 1767 voce
1501 1726 1624 1772 τίτθη.
1670 1724 1773 1767 ibid.

400 1801 463 1845 V:
496 1802 586 1846 465
618 1802 652 1846 C
684 1803 738 1845 de
771 1817 874 1846 voce
905 1802 1063 1846 οἰκέται.

460 1882 562 1925 ibid.
595 1881 686 1926 III:
715 1882 801 1926 678
834 1882 868 1927 C
901 1883 1071 1936 πορεῖα
1112 1883 1193 1925 ἐστι
1222 1883 1275 1924 τοὶ
1303 1882 1355 1929 εἱς
1389 1883 1543 1935 πορείαν
1573 1882 1772 1935 χρήσιμα.

461 1961 580 2004 Idem
612 1961 736 2004 Phot.

460 2038 551 2081 ibid
608 2039 694 2081 681
754 2040 793 2081 Α
841 2040 1184 2089 αἱμασιώδεις·
1235 2040 1423 2088 αἱμασιαὶ
1473 2044 1600 2092 τοῖχοι
1640 2041 1772 2092 κυρίως

403 2118 674 2168 ἠκανθωμένοι.

462 2196 641 2240 Suidas:
664 2197 953 2246 αἱμασιαῖς·
981 2203 1063 2246 τοῖς
1092 2202 1298 2251 Φραγμοῑς
1312 2231 1323 2248 ,
1348 2199 1482 2251 κυρίως
1504 2203 1583 2244 τοῖς
1606 2198 1774 2248 ἠκανθω-

399 2276 538 2327 μένοις.
562 2275 696 2320 Bekk.
719 2280 889 2321 sextum
911 2277 993 2321 lex.
1017 2277 1116 2321 362.
1140 2277 1198 2320 26
1221 2280 1296 2331 (=
1315 2276 1395 2321 lex.
1416 2277 1591 2321 Baohm.
1618 2276 1690 2330 52,
1709 2277 1771 2334 1):

399 2356 717 2404 αἱμασιώδεις
735 2370 744 2379 ·
782 2357 954 2399 Πλάτων
986 2354 1073 2398 εἶπε
1107 2356 1337 2408 περιβόλους
1360 2357 1612 2405 αἱμασιώδεις
1634 2357 1770 2406 τινας,

399 2435 422 2485 ἢ
453 2436 542 2482 τοὺς
575 2437 617 2479 ἐκ
647 2437 760 2478 λίθων
792 2437 885 2479 ἄνευ
917 2440 1050 2485 πηλῶν
1077 2436 1490 2487 κατεσκευασμένους,
1521 2436 1543 2485 ἢ
1577 2436 1667 2483 τοὺς
1689 2436 1772 2479 ἀπὸ

398 2516 572 2559 ἀκανθῶν
604 2515 926 2569 πεφραγμένους.
1512 2505 1515 2509 ’

457 2594 562 2638 ibid.
605 2595 692 2638 VI=
735 2595 822 2638 775
862 2596 901 2638 D
945 2594 1378 2648 ἐξομοργνύμενον·
1423 2596 1769 2645 αποματτόμενον.

460 2673 618 2718 Suidas
649 2673 1048 2727 ἑξομόργνυνται·
1079 2675 1409 2726 ἀποματτονται,
1433 2676 1688 2729 ἀφοσιοῦνται
1712 2693 1770 2713 =

398 2752 573 2796 Bachm.
606 2752 780 2806 225,11.
