2057 3375
919 299 943 340 7

250 454 336 495 qua
378 440 445 483 via
486 445 630 483 autem
673 454 724 482 eo
766 439 1058 495 pervenerint,
1100 453 1258 494 magna
1301 442 1366 482 est
1403 438 1611 481 dissensio

247 520 360 563 inter
400 521 512 563 viros
555 520 714 563 doctos.
772 519 882 562 Nam
922 518 1142 562 contendit
1173 517 1368 562 Naberus
1399 517 1610 562 Boethum

246 601 414 655 glossas
446 600 606 643 habere
638 615 690 643 ex
723 600 1008 654 Diogeniano,
1040 614 1125 643 non
1159 602 1303 642 autem
1334 599 1475 654 ipsum
1507 598 1610 642 Dio-

246 680 477 735 genianum
528 679 796 735 inspexisse,
849 679 923 721 sed
973 692 1269 734 quaecumque
1316 678 1610 732 Diogenianea

245 757 429 814 habeat,
473 772 526 801 ex
569 758 678 801 Aelii
723 759 913 814 Dionysii
955 758 1091 800 lexico
1123 758 1338 799 rhetorico
1370 756 1608 810 transcrip-

245 837 375 890 sisse,
409 838 483 893 qui
518 837 770 893 Diogeniani
803 851 932 893 opere
964 852 1066 880 usus
1099 838 1165 879 sit.
1218 837 1283 878 Ex
1315 837 1381 879 his
1417 836 1608 891 Dionysii

242 923 287 960 et
333 918 488 961 Boethi
535 919 682 960 lexicis
725 919 894 973 glossas
939 918 1255 972 Diogenianeas
1296 918 1519 960 transiisse
1562 916 1607 959 in

241 996 460 1047 Photium‚
493 1009 546 1039 ex
579 996 680 1039 solis
714 996 867 1039 Boethi
898 996 1054 1039 libellis
1086 998 1130 1038 in
1164 996 1337 1039 Scholia
1368 996 1606 1038 Platonica.

242 1073 404 1116 Contra
445 1075 672 1117 Mauritius
716 1075 911 1117 Schmidt
941 1076 1181 1130 glossarum
1219 1075 1605 1129 Diogenianearum

242 1156 311 1195 sat
351 1167 554 1209 magnum
596 1167 817 1196 numerum
864 1167 915 1196 ex
947 1154 1039 1209 ipso
1075 1153 1339 1208 Diogeniano
1372 1153 1435 1195 vel
1469 1152 1605 1208 Hesy-

239 1231 334 1275 chio
375 1233 420 1274 in
465 1231 636 1275 Scholia
676 1232 850 1276 fluxisse
890 1232 1106 1283 affirmat3
1155 1247 1254 1274 nani
1299 1236 1603 1287 praeterquam

239 1310 353 1367 quod
386 1310 429 1353 in
460 1310 513 1354 iis
546 1316 700 1366 quater
732 1310 932 1355 laudetur
962 1310 1250 1367 Diogenianus
1274 1311 1443 1353 nomine
1467 1324 1602 1366 appo-

238 1391 344 1440 sito,
379 1396 550 1432 centum
583 1396 626 1432 et
657 1391 1065 1445 undequadraginta
1096 1391 1200 1433 locis
1233 1391 1492 1445 Hesychium
1514 1395 1601 1432 tam

238 1469 424 1512 fideliter
470 1470 710 1526 exprimere
730 1504 740 1521 ,
789 1475 838 1513 ut
883 1476 959 1514 aut
1006 1470 1120 1513 hunc
1166 1473 1243 1513 aut
1293 1469 1602 1525 Diogenianum

238 1549 516 1603 compilatum
549 1563 643 1590 esse
676 1549 825 1603 negari
858 1555 1058 1602 nequeat.
1106 1549 1168 1592 Cf.
1202 1549 1483 1599 Quaestiones
1517 1549 1602 1591 He-

236 1627 467 1682 sychianae
499 1642 567 1682 pg.
599 1640 688 1670 xol.
732 1626 875 1682 Atque
907 1628 1021 1670 idem
1055 1626 1316 1670 Schmidtius
1348 1627 1434 1670 iam
1468 1632 1599 1670 antea

234 1711 461 1750 monuerat
507 1708 551 1749 in
602 1707 770 1764 Didymi
812 1707 1085 1752 Chalcenteri
1126 1707 1378 1764 fragmentis
1426 1722 1495 1763 pg.
1540 1708 1599 1749 83

233 1786 374 1829 Photii
415 1787 578 1829 fontem
619 1788 927 1842 Diogenianum
966 1788 1098 1831 fuisse
1131 1792 1263 1842 atque
1297 1793 1522 1843 praeterea
1554 1787 1599 1828 in

232 1866 511 1910 Patriarchae
543 1868 709 1911 lexicon
742 1868 964 1924 complura
997 1868 1207 1925 Didymea
1237 1867 1544 1923 immigravisse
1574 1880 1597 1909 e

233 1946 422 2003 Dionysii
468 1947 796 2003 Pausaniaeque
844 1949 990 1991 lexicis
1008 1981 1019 2000 ,
1074 1962 1256 2004 quorum
1304 1948 1597 1991 conditoribus

230 2024 373 2068 aditus
405 2027 460 2068 ad
492 2027 633 2081 ipsum
667 2028 898 2082 Didymum
923 2028 1167 2083 patefactus
1190 2032 1316 2071 esset.
1348 2028 1595 2082 Leopoldus

229 2105 371 2161 Cohn,
406 2106 459 2149 de
491 2107 781 2162 Aristophane
811 2107 1021 2163 Byzantio
1048 2112 1092 2150 et
1115 2107 1320 2151 Suetonio
1344 2107 1595 2162 Tranquillo

227 2362 430 2404 transtulit;
462 2363 513 2397 sic
544 2367 638 2397 certe
670 2363 847 2397 credimus
880 2373 963 2397 cum
996 2363 1125 2397 Cobeto
1153 2367 1260 2406 atque
1283 2363 1440 2402 Nabero,
1467 2374 1594 2406 quam-

226 2436 333 2468 quam
358 2427 433 2468 alii,
460 2437 487 2459 e.
513 2437 542 2459 c.
568 2428 764 2470 Boysenus,
788 2428 895 2460 aliam
912 2430 1127 2460 sententiam
1146 2429 1423 2470 amplectuntur.
1448 2429 1593 2461 Praeter

226 2490 373 2524 Suidam
410 2491 557 2535 Etymol.
605 2493 756 2536 Magnus
793 2493 977 2536 usurpavit
1020 2493 1204 2536 Photium,
1242 2494 1365 2527 itidem
1400 2494 1591 2537 integriore

224 2556 342 2588 codice
366 2567 459 2589 uuus.
500 2557 651 2590 Lexicon
677 2558 901 2591 Bachmauni
927 2564 1047 2592 autem
1069 2569 1109 2592 ex
1134 2560 1260 2592 Photio
1284 2564 1489 2601 excerptum
1515 2570 1591 2592 esse

223 2621 407 2654 contendit
438 2621 620 2662 Naberus,
653 2623 756 2656 cuius
780 2623 821 2656 de
846 2624 961 2665 priore
986 2624 1093 2656 huius
1117 2624 1220 2657 lexici
1245 2628 1359 2666 parte,
1386 2634 1494 2667 quam
1518 2625 1590 2666 pri-

223 2694 304 2717 mus
328 2686 435 2717 edidit
460 2686 486 2718 1.
512 2686 693 2718 Bekkerus
719 2688 757 2718 in
778 2687 968 2720 Anecdotis
992 2688 1133 2720 Graecis
1151 2689 1188 2720 I:
1208 2699 1239 2730 p.
1257 2688 1319 2721 321
1339 2699 1454 2731 seqq.‚
1473 2690 1591 2731 suspi-

222 2749 341 2782 ciones
366 2750 443 2783 vide
468 2750 664 2794 Prolegom.
690 2761 743 2795 pg.
768 2750 834 2784 150
858 2761 954 2794 seqq.
