2057 3375
901 326 984 366 103

315 462 417 507 ibid.
451 463 535 506 391
571 462 621 506 A.
653 463 982 516 ἀγχίσποροι·
1019 464 1144 514 ἐγγὺς
1175 463 1322 515 γένους.

317 543 438 586 Phot.
471 546 515 585 et
546 546 650 585 sext.
682 542 764 585 lex.
796 542 929 585 Bekk.
963 542 1127 596 332‚25
1158 544 1285 586 idem.

316 620 421 665 ibid.
454 621 543 663 403
575 620 620 664 C.
653 621 1020 673 ἀκροσφαλεῖς·
1053 620 1178 674 ἄκρως
1209 622 1527 673 σφαλλομένους.

316 699 430 742 Suid.
476 698 599 752 ἄκρως
648 699 936 749 ἐσΦαλμένους.
992 698 1125 742 Bekk.
1174 703 1279 742 sext.
1326 700 1410 743 lex.
1459 701 1617 751 367,17

256 778 656 832 ἀκροσφαλισμένους.
692 777 745 821 cf.
775 778 1036 831 ἀκράχολοι
1057 793 1066 802 ·
1100 779 1223 830 ἄκρως
1254 778 1485 831 χολούμενοι
1508 778 1622 822 infra

256 859 341 900 411
377 856 423 901 G.

317 936 419 979 ibid.
452 936 513 979 IV
527 930 540 978 ἐ
572 937 662 980 420
694 937 731 979 E
772 935 913 987 ξυστί
922 954 940 984 ς
984 938 1065 979 ἔστι
1103 937 1249 979 λεπτὸν
1282 936 1484 988 ὕφασμα,
1519 953 1619 989 περι-

255 1014 441 1067 βόλαιον,
476 1015 498 1064 ἢ
531 1017 655 1069 χιτὼν
689 1016 849 1070 ποδήρης
881 1021 1112 1068 γυναικεῖος.
1147 1016 1178 1058 οἱ
1207 1016 1245 1059 δὲ
1266 1016 1451 1067 τραγικὸν
1473 1017 1620 1066 ἔνδυμα

257 1095 591 1145 ἐσκευοποιημένον
623 1094 689 1138 καὶ
722 1094 815 1149 ἔχον
848 1096 1107 1149 ἐπιπόρπημα
1143 1094 1180 1154 [δ’
1207 1097 1310 1138 ἐστιν
1333 1095 1395 1137 ἐπὶ
1420 1103 1468 1149 τῇ
1493 1096 1621 1150 πόρπῃ

256 1174 546 1226 προσκόσμημα
587 1175 609 1224 ἢ
651 1176 786 1218 λίθινον
828 1175 850 1225 ἢ
892 1179 1060 1229 χρυσοῦν
1104 1176 1126 1224 ἢ
1168 1178 1378 1228 ἀργυροῦν·
1420 1178 1547 1228 πόρπη
1580 1176 1619 1218 δέ

257 1254 361 1296 ἐστιν
404 1255 426 1303 ἦ
468 1252 546 1296 ἄνω
588 1260 658 1304 τῆς
702 1255 910 1308 χλαμύδος
954 1254 1156 1311 σύνδεσις].
1198 1255 1229 1297 οἱ
1277 1255 1315 1297 δὲ
1361 1254 1526 1305 ξυστίδα
1576 1257 1618 1298 τὸ

256 1332 424 1385 λεπτόν,
457 1334 568 1385 παρα
599 1333 644 1374 τὸ
677 1332 831 1383 ἐξύσθοιι
846 1348 854 1356 ·
880 1334 979 1380 ἰδίως
1002 1334 1041 1375 δὲ
1063 1335 1106 1375 τὸ
1129 1338 1202 1375 τῶν
1224 1335 1430 1385 τραγῳδῶν
1452 1335 1614 1384 ἔνδυμα.

317 1411 382 1453 De
423 1412 498 1462 iis,
542 1426 653 1467 quae
685 1413 852 1454 uncinis
885 1412 1062 1463 inclusi,
1096 1426 1229 1466 supra
1262 1426 1331 1466 pg.
1364 1412 1421 1454 58
1457 1412 1617 1455 dictum

257 1493 335 1532 est.
399 1488 557 1533 Cetera
598 1490 839 1533 consistunt
882 1503 935 1533 ex
966 1489 1135 1532 duabus
1166 1489 1345 1544 glossis,
1379 1490 1618 1533 coniunctis

257 1583 358 1612 voce
379 1569 401 1619 ἥ
413 1603 425 1625 ,
449 1583 559 1626 quae
582 1570 697 1626 apud
716 1569 914 1614 Photium
931 1569 1130 1625 leguntur
1146 1584 1207 1611 vv.
1226 1568 1390 1619 ξυστίδα
1407 1574 1452 1612 et
1468 1568 1616 1620 ξυστίς.

258 1647 303 1690 Si
336 1649 583 1703 quaerimus
597 1683 608 1701 ‚
630 1650 745 1692 unde
767 1650 849 1692 hae
870 1649 1040 1704 glossae
1062 1649 1359 1704 provenerint,
1381 1649 1618 1692 invenimus

255 1727 442 1782 glossam
487 1727 621 1777 ξυστίς
663 1728 750 1783 legi
791 1728 834 1769 in
877 1728 958 1770 lex.
1001 1727 1109 1770 rhet.
1151 1727 1284 1770 Bekk.
1329 1727 1429 1779 284,
1465 1728 1543 1780 14,
1575 1732 1620 1771 et

256 1806 398 1851 nullus
440 1807 613 1860 dubito,
655 1808 759 1863 quin
801 1807 847 1850 in
883 1808 965 1851 hoc
997 1807 1138 1851 lexion
1172 1805 1346 1849 fluxerit
1377 1821 1429 1850 ex
1464 1807 1614 1863 Dioge-

255 1885 386 1928 niano
397 1903 409 1937 ;
442 1885 577 1929 habet
608 1886 721 1929 enim
749 1885 988 1942 Hesychius
1020 1885 1163 1935 ξυστί
1173 1899 1216 1932 ς·
1250 1886 1435 1937 τραγικὸν
1457 1887 1617 1936 ἔνδυμα.

254 1963 352 2010 τινὲς
384 1963 423 2006 δὲ
454 1967 607 2017 χιτῶνα
638 1963 780 2015 ποδήρη
812 1968 1042 2015 γυναικεῖον.
1075 1962 1190 2005 ἄλλοι
1223 1963 1269 2005 τὸ
1301 1963 1470 2011 λεπτόν,
1506 1965 1617 2016 παρὰ

255 2043 299 2086 τὸ
329 2042 501 2095 ξύεσθαι.
566 2043 709 2087 Etiam
740 2043 928 2100 glossam
971 2042 1177 2095 ξυστίδα
1215 2043 1271 2086 ad
1303 2043 1616 2099 Diogenianum

255 2123 475 2166 retulerim
508 2127 687 2179 propter
715 2123 896 2179 Hesych.
930 2122 1159 2173 ξυστίδα·
1192 2123 1235 2164 τὸ
1258 2112 1403 2164 λεπτὸν
1426 2122 1615 2176 ὕφασμα.

256 2202 399 2247 Unum
431 2202 599 2253 obstat,
633 2203 860 2257 quominus
892 2215 988 2244 cum
1022 2200 1257 2244 Schmidtio
1280 2215 1427 2244 omnes
1447 2201 1617 2257 glossas

254 2294 308 2324 ex
337 2282 433 2337 ipso
469 2282 723 2337 Diogeniani
755 2281 893 2324 lexico
927 2286 1092 2324 sumtas
1124 2294 1218 2323 esse
1251 2286 1475 2335 putemus,
1500 2282 1615 2335 quod

254 2362 370 2418 apud
403 2362 524 2406 Phot.
558 2369 601 2406 et
634 2361 773 2407 Schol.
806 2361 962 2413 ἐξύσθαι
996 2361 1174 2417 legitur,
1208 2360 1324 2416 apud
1356 2360 1539 2417 Hesych.
1573 2366 1616 2405 et

251 2441 296 2484 in
328 2442 409 2485 lex.
442 2442 549 2485 rhet.
582 2441 715 2484 Bekk.
742 2440 913 2491 ξύεσθαι.
964 2439 1162 2482 Naberus
1183 2439 1237 2493 gl.
1261 2438 1428 2481 Boetho
1453 2440 1614 2483 tribuit.

252 2522 314 2565 Cf.
348 2522 517 2564 Ruhnk.
550 2522 606 2563 ad
637 2521 802 2563 Timaei
832 2520 912 2562 lex.
948 2534 982 2561 v.
1025 2518 1269 2567 ξυστίδες.

312 2600 414 2645 ibid.
445 2600 532 2643 421
571 2600 605 2641 D
646 2599 854 2653 χυτρεύς
873 2614 882 2623 ·
916 2596 1132 2652 κεραμεύς,
1170 2597 1246 2650 ἀφ’
1277 2595 1356 2644 ἑνὸς
1387 2595 1506 2645 εἴδους
1539 2602 1613 2640 τῶν

251 2680 586 2735 κεραμευομένων,
619 2685 689 2729 τῆς
720 2678 888 2733 χύτρας.

313 2761 521 2807 Convenit
562 2760 742 2813 Suidas,
774 2759 849 2815 qui
880 2759 994 2802 hunc
1025 2757 1217 2800 Platonis
1249 2756 1390 2799 locum
1424 2758 1613 2813 respicit.
