2057 3375
1070 302 1127 345 64

409 457 593 501 quorum
641 441 820 487 Photius
866 443 912 486 in
958 442 1254 487 Bibliothecae
1300 441 1393 487 cod.
1445 442 1525 486 151
1575 442 1620 487 in
1663 441 1778 487 hunc

409 524 582 566 modum
626 523 840 566 meminit:
879 524 1124 574 ’Λνεγνώσ-θη
1158 522 1191 565 δ’
1224 524 1262 565 ἐν
1293 524 1347 576 τῷ
1382 524 1488 577 αὐτῷ
1520 524 1659 576 τεύχει
1691 523 1778 579 (Τί-

409 604 520 647 maei
551 604 661 660 scil.)
693 605 759 646 καὶ
791 605 930 653 Βοηθοῦ
961 603 1103 654 λέξεων
1134 608 1396 648 Πλατωνικῶν
1422 605 1640 655 συναγωγὴ
1666 605 1778 647 κατὰ

406 687 602 737 στοιχεῖον
648 685 784 737 πολλῷ
832 688 903 733 τῆς
949 683 1123 733 Τιμαίου
1172 688 1414 735 συναγωγῆς
1463 683 1778 737 χρησιμώτερον·

407 766 633 815 προσφωνεῖ
664 761 704 803 δὲ
741 761 941 816 Μελάντα
971 763 1043 804 τινὶ
1075 764 1119 804 τὸ
1155 761 1468 813 συνταγμάτων.
1502 762 1712 813 Συνετάγη
1745 762 1777 804 δ’

408 843 516 895 αὐτῷ
548 841 615 883 καὶ
647 840 773 893 ἕτερόν
803 858 841 883 τι
874 840 1120 894 Ἀθηναγόρᾳ
1151 840 1492 895 προσφωνούμενον
1518 840 1778 892 coronamenti-

406 935 484 962 τιον
516 918 534 961 ὃ
567 918 653 969 περὶ
685 922 761 961 τῶν
794 918 906 971 παρὰ
936 917 1120 962 Πλάτωνι
1151 910 1418 972 ἀπορουμένων
1445 918 1586 971 λέξεων
1613 919 1780 973 ἐπιγρα-

406 1002 499 1051 Φει·
545 995 594 1040 ὧν
636 996 673 1039 εἴ
710 1014 772 1045 τις
813 998 889 1045 τας
933 996 1059 1048 λέξεις
1102 999 1155 1045 εἷς
1187 997 1225 1040 ἓν
1258 998 1481 1050 συναγάγοι
1512 999 1781 1042 συνεντασσων

406 1077 475 1121 καὶ
507 1078 584 1126 τὰς
615 1078 866 1129 συνηγμένας
899 1077 1083 1131 Τιμαίῳ,
1116 1078 1410 1131 ἀπηρτισμένην
1441 1078 1688 1132 παράσχοιτο
1710 1078 1780 1126 τὴν

407 1156 604 1210 ὠφέλειαν
635 1163 715 1222 τοῖς
747 1158 801 1200 τα
833 1156 1047 1204 Πλάτωνος
1078 1157 1358 1208 ἀναγινώσκειν
1391 1157 1594 1201 ἐθέλουσιν.
1654 1157 1778 1201 Hanc

407 1236 680 1280 utilissimam
714 1250 891 1292 operam
923 1236 1064 1293 ipsum
1096 1235 1295 1280 Photium
1317 1236 1588 1293 praestitisse
1611 1251 1778 1281 summo

409 1317 502 1358 iure
525 1316 748 1358 contendit
769 1315 958 1358 Cobetus
984 1315 1143 1358 Mnem.
1168 1315 1230 1357 IX
1251 1330 1322 1371 pg.
1341 1316 1427 1358 399
1446 1329 1538 1371 sqq.
1557 1315 1623 1372 (a0
1645 1316 1779 1371 1860)

407 1396 704 1439 demonstrato
736 1396 781 1438 in
814 1395 1030 1438 Photiana
1061 1394 1203 1446 λέξεων
1228 1402 1445 1449 συναγωγῇ
1468 1400 1643 1451 praeter
1664 1396 1778 1439 leves

407 1477 450 1517 et
492 1473 625 1517 exiles
674 1473 838 1517 Timaei
880 1474 1201 1518 observationes
1244 1474 1333 1517 alia
1376 1474 1600 1518 Platonica
1639 1475 1779 1518 inesse

407 1555 580 1610 egregia
606 1558 651 1597 et
676 1555 929 1609 praeclara,
957 1554 1137 1597 laudato
1164 1555 1319 1597 deinde
1346 1555 1429 1597 hoc
1450 1555 1546 1597 loco
1569 1569 1593 1597 e
1616 1555 1779 1597 Biblio-

406 1634 558 1691 theca,
601 1634 715 1677 unde
758 1637 993 1690 appareat,
1025 1633 1225 1677 Photium
1258 1632 1413 1677 Boethi
1444 1632 1570 1685 λέξεις
1602 1641 1773 1677 Πλατω-

407 1715 515 1761 νικας
547 1714 715 1756 novisse
743 1727 978 1769 earumque
1000 1713 1237 1756 bonitatem
1259 1716 1532 1769 perspectam
1555 1713 1772 1757 habuisse.

406 1793 561 1848 Itaque
598 1791 783 1835 fidenter
814 1792 877 1835 vir
909 1807 1101 1836 summus
1134 1790 1348 1836 affirmat:
1398 1791 1534 1836 Nemo
1567 1798 1774 1848 punctum

408 1872 617 1928 temporis
650 1871 850 1915 dubitare
872 1875 1038 1928 potest,
1060 1872 1163 1926 quin
1186 1871 1389 1924 Photius,
1413 1872 1488 1927 qui
1509 1872 1602 1927 ipse
1624 1886 1776 1915 monu-

406 1951 513 1993 isset
569 1950 764 1993 Platonis
819 1949 1054 1993 lectoribus
1110 1950 1382 1993 utilissimum
1431 1949 1547 2002 fore,
1598 1952 1633 1993 si
1682 1952 1778 2006 quis

406 2029 562 2073 Boethi
608 2028 732 2080 λέξεις
780 2043 834 2073 ex
880 2033 1064 2085 utroque
1111 2028 1222 2072 libro
1255 2029 1536 2086 coniungeret
1567 2030 1610 2072 in
1644 2045 1777 2073 unum

406 2109 547 2165 iisque
595 2107 721 2159 λέξεις
769 2107 934 2151 Timaei
982 2121 1058 2150 suo
1102 2121 1318 2164 quamque
1362 2108 1459 2152 loco
1499 2108 1778 2165 adiungeret,

406 2189 535 2244 quin,
567 2189 765 2242 inquam,
798 2187 977 2230 Photius
1009 2188 1103 2242 ipse
1134 2187 1260 2237 λέξεις
1293 2187 1472 2238 συνάγων
1505 2189 1670 2232 Timaei
1702 2190 1779 2233 ob-

407 2266 750 2312 servatiunculas
784 2266 1026 2323 colligeret,
1058 2266 1215 2310 Boethi
1237 2267 1432 2324 egregias
1450 2267 1777 2313 observationes

407 2362 494 2390 non
529 2347 762 2402 colligeret.
826 2347 892 2389 Ea
922 2360 991 2389 res
1024 2349 1115 2389 tam
1147 2346 1380 2389 manifesta
1410 2351 1498 2399 est,
1531 2351 1661 2403 atque
1693 2349 1778 2390 evi-

411 2428 543 2483 dens,
591 2431 640 2470 ut
687 2426 817 2482 plura
865 2426 1007 2470 dicere
1053 2426 1163 2469 nihil
1193 2427 1252 2470 sit
1281 2424 1416 2482 opus’'
1436 2427 1485 2483 ¹).
1547 2428 1605 2471 Et
1633 2428 1779 2472 nescio

455 2684 488 2727 l)
519 2684 598 2717 Non
632 2695 652 2717 a
677 2683 807 2717 Cobeto
831 2688 867 2717 et
890 2684 1031 2717 Nahero
1055 2685 1230 2727 primum,
1256 2686 1316 2718 sed
1341 2686 1476 2719 dudum
1500 2687 1544 2719 ab
1561 2687 1641 2720 aliis
1666 2688 1776 2721 veluti

407 2749 585 2781 Meinekio
616 2748 813 2781 Bitschelio
845 2752 881 2781 et
911 2749 1101 2790 semetipso
1132 2749 1418 2783 demonstratum
1442 2760 1520 2783 esse
1545 2751 1712 2784 Photium
1739 2753 1776 2785 in
