2057 3375
904 318 960 360 81

252 453 467 504 σύμπασαι
504 460 578 498 τῶν
620 454 890 506 ἀστραγάλων
933 455 1100 500 πτώσεις
1133 455 1228 503 ὁμοῦ
1261 456 1458 504 τεσσάρων
1490 470 1616 505 παρα-

251 532 566 584 λαμβανομένων
597 541 715 577 πέντε
745 533 813 576 καὶ
845 531 1067 585 τριάκοντα.
1101 532 1247 575 τούτων
1279 531 1319 574 δὲ
1351 532 1392 574 αἱ
1425 530 1497 583 μὲν
1526 533 1616 574 θεῶν

251 612 345 654 εἰσὶν
376 613 588 664 ἐπώνυμοι,
622 613 664 655 αἱ
696 612 737 654 δὲ
768 612 893 665 ἡρώων
903 643 916 662 ,
949 612 992 653 αἱ
1016 611 1054 653 δὲ
1076 611 1298 663 βασιλέων,
1329 612 1371 653 αἱ
1399 612 1437 653 δὲ
1464 610 1616 661 ἐνδόξων

251 691 410 743 ἀνδρῶν,
456 692 498 733 αἱ
541 692 580 733 δὲ
621 690 838 743 ἑταιρίδων·
881 690 923 731 αἱ
965 689 1005 732 δὲ
1044 690 1127 731 άπό
1164 706 1273 732 τινων
1305 690 1617 741 συμβεβηκότων

252 769 331 819 ἤτοι
374 775 492 820 τιμῆς
524 767 638 822 ἕνεκα
670 768 692 818 ἢ
726 768 878 822 χλεύης
911 768 1253 821 προσηγόρευνται.
1286 769 1453 820 λέγεται
1487 769 1527 811 δέ
1559 785 1618 816 τις

252 849 291 890 ἐν
322 851 465 895 αὐταῖς
497 849 736 900 Στησίχορος
767 848 834 890 καὶ
867 847 980 901 ἑτέρα
1011 849 1242 901 Εὐριπίδης,
1279 849 1517 901 Στησίχορος
1546 848 1617 898 μὲν

252 928 269 970 ὁ
301 928 498 978 σημαίνων
530 930 598 977 τὴν
629 928 803 980 όκτάδα,
834 929 918 971 ἐπεὶ
946 929 964 971 ὂ
995 929 1033 971 ἐν
1059 929 1156 982 Ἱέρᾳ
1179 933 1245 971 τοῦ
1262 932 1469 978 μελοποιοῦ
1488 928 1617 981 τάφος

252 1006 297 1057 ἐξ
325 1008 423 1049 ὀκτὼ
454 1011 597 1059 γωνιῶν
629 1008 845 1064 συνέκειτο,
879 1009 1085 1060 Εὐριπίδης
1114 1008 1153 1049 δὲ
1183 1008 1282 1050 ὂτὸν
1298 1009 1615 1059 τεσσαράκοντα·

252 1081 306 1134 εἷς
348 1086 429 1139 γὰρ
470 1087 676 1139 Εὐριπίδης
723 1092 796 1129 τῶν
837 1087 1137 1138 τεσσαράκοντα
1175 1087 1358 1136 Ἀθήνησι
1390 1090 1619 1139 προστατῶν

252 1169 327 1207 τῶν
368 1166 477 1214 μετὰ
519 1167 589 1214 τὴν
623 1170 698 1208 τῶν
730 1166 769 1208 λ’
800 1164 990 1218 τυράννων
1022 1166 1349 1208 κατασταθέντων
1382 1166 1617 1209 κατάλυσιν.

252 1248 326 1285 τῶν
358 1243 395 1285 δὲ
428 1244 556 1295 βόλων
589 1244 606 1286 ὂ
638 1244 710 1295 μὲν
741 1245 796 1287 τα
827 1242 871 1295 ἓξ
903 1244 1110 1294 δυνάμενος
1144 1246 1248 1297 Κῷος
1282 1245 1347 1286 καὶ
1381 1243 1509 1294 ἑξίτης
1535 1245 1618 1287 ἑλέ-

253 1339 374 1381 γετο,
409 1328 496 1371 Χῖος
529 1323 568 1365 δὲ
600 1324 617 1366 ὃ
649 1324 692 1367 τὸ
724 1322 762 1366 ἓν
795 1325 861 1366 καὶ
894 1324 1007 1367 κύων.
1040 1323 1207 1375 λέγεται
1242 1323 1282 1366 δέ
1309 1339 1366 1370 τις
1396 1323 1461 1365 καὶ
1490 1339 1618 1376 παροι·

253 1402 330 1453 μία
363 1402 444 1445 άπὸ
476 1403 636 1459 τούτου,
678 1400 750 1445 οἷον
784 1408 873 1450 Χῖος
907 1404 1120 1454 παραστὰς
1151 1404 1255 1456 Κῷον
1285 1404 1354 1445 οὐκ
1385 1403 1510 1445 ἐάσω·
1543 1403 1620 1456 ἀφ’

253 1479 297 1524 οὗ
322 1481 388 1524 καὶ
423 1481 620 1533 Στράττις
653 1481 917 1532 Λιμνοπέδαις
933 1495 942 1504 ·

436 1566 524 1608 Χῖος
557 1561 770 1614 παραστάς
805 1562 906 1614 Κῷον
941 1561 1007 1604 οὐκ
1039 1561 1087 1616 ἐᾷ
1119 1560 1263 1612 λέγειν.

252 1640 407 1694 ἔπαιζον
437 1641 476 1683 δὲ
504 1641 778 1693 ἀστραγάλοις
808 1641 873 1682 καὶ
902 1645 1062 1687 πολλοῖς
1082 1642 1259 1693 καθάπερ
1285 1640 1436 1692 καρύοις
1461 1641 1525 1681 καὶ
1544 1640 1618 1682 όλί-

252 1737 358 1772 γοις,
388 1725 455 1763 τοῦ
484 1721 522 1762 δὲ
550 1720 670 1767 εἴδους
698 1725 772 1762 τῶν
799 1724 956 1763 πολλῶν
973 1721 1104 1771 τὸμὲν
1120 1720 1337 1774 άρτιασμὸν
1353 1719 1503 1771 ἔλεγον,
1524 1719 1565 1762 τὸ
1581 1720 1620 1762 δὲ

252 1801 400 1852 τρόπα,
430 1800 474 1842 τὸ
506 1800 544 1841 δὲ
576 1800 768 1850 ὤμιλλαν.
797 1800 1017 1851 άρτιασμὸς
1045 1800 1116 1849 μὲν
1144 1798 1205 1842 οὖν
1223 1800 1305 1841 ἐστὶ
1324 1800 1365 1841 τὸ
1383 1799 1619 1852 δραξάμενον

252 1878 522 1931 ἀστραγάλων
550 1878 572 1927 ἤ
600 1894 708 1920 τινων
735 1877 869 1920 ἄλλων
892 1869 1088 1931 ἐξετάζειν
1106 1879 1171 1920 τὸν
1187 1878 1484 1931 συμπαίζοντα,
1504 1879 1618 1920 πότε-

252 1974 310 2011 ρον
337 1958 486 2011 ἀρτίους
515 1958 536 2007 ἢ
554 1957 755 2009 περισσοὺς
773 1959 959 2011 κατέχει,
979 1959 1028 2005 ὠς
1046 1959 1109 2000 καὶ
1131 1958 1414 2013 Ἀριστοφάνης
1433 1959 1617 2010 Πλούτῳ·

435 2043 625 2090 στατῆρσι
659 2037 690 2080 δ’
722 2037 754 2080 οἱ
786 2038 1014 2092 θεράποντες
1047 2037 1294 2091 άρτιάζομεν.

252 2117 378 2171 τρόπα
414 2116 446 2160 δ’
482 2118 586 2160 ἐστὶν
617 2119 639 2167 ἧ
674 2118 727 2165 εἰς
758 2117 913 2167 βόθυνον
947 2118 991 2161 ἐκ
1021 2117 1289 2169 διαστήματος
1322 2118 1438 2170 βολή.
1471 2123 1620 2172 Κρατῖ-

252 2212 310 2243 νος
348 2196 532 2250 Πυλαία·

434 2273 458 2328 ᾖ
488 2274 695 2322 Διονυσίοις
727 2274 888 2322 άκύλοις
920 2274 1098 2329 παίζουσ’
1131 2275 1305 2327 οἶνέμενοι
1339 2276 1479 2330 τρόπα.

253 2354 275 2403 ἦ
307 2353 347 2395 δὲ
377 2352 536 2404 ὥμιλλά
565 2355 669 2396 ἐστιν
704 2353 798 2396 ὅταν
831 2354 1151 2407 περιγράψαντες
1179 2355 1320 2397 κύκλον
1348 2355 1619 2408 ἐπιρρίπτωσιν

252 2434 532 2484 ἀστραγάλους
575 2432 598 2482 ἤ
641 2449 678 2475 τι
721 2431 848 2482 ἄλλο,
893 2435 942 2481 ὡς
974 2440 1024 2486 τῇ
1057 2434 1128 2484 μὲν
1161 2434 1266 2481 ε’ντὸς
1297 2434 1401 2487 βολῇ
1434 2434 1619 2477 νικώντων

252 2518 302 2566 τῇ
343 2512 380 2554 δὲ
422 2512 531 2559 ἐκτὸς
574 2512 815 2562 ἡττωμένων.
859 2512 1034 2559 Εὔπολις
1077 2515 1210 2565 Χρυσῷ
1243 2513 1345 2564 γένει
1378 2512 1617 2565 μεταφέρων

253 2591 317 2634 ἐπὶ
360 2593 429 2640 τὴν
472 2591 516 2633 ἐκ
555 2591 778 2660 Κυκλᾶζπων
822 2591 867 2646 (L
908 2605 1005 2633 cum
1045 2591 1258 2634 Meinekio
1298 2593 1366 2640 τὴν
1399 2593 1437 2634 ἐν
1468 2593 1617 2648 κύκλῳ)

252 2671 486 2713 κατάκλισιν
518 2669 689 2719 τοῦνομα
715 2668 833 2716 οὕτως
860 2670 1005 2722 Φησίν·
1034 2670 1156 2713 ἔπειτ’
1172 2671 1311 2721 εἴσειμι
1329 2670 1459 2713 ἐνθάδε
1476 2672 1616 2721 μείνας

233 2751 305 2798 ,εἷς
335 2750 516 2802 ὤμιλλαν
544 2746 617 2791 κᾶν
647 2749 705 2799 μὴ
736 2748 862 2801 μετίῃ.

1459 2826 1482 2861 6
