<?xml version="1.0" encoding="UTF-8"?>
<!DOCTYPE html PUBLIC "-//W3C//DTD XHTML 1.0 Transitional//EN"
    "http://www.w3.org/TR/xhtml1/DTD/xhtml1-transitional.dtd">
<html xmlns="http://www.w3.org/1999/xhtml" xml:lang="en" lang="en">
 <head>
  <title>
</title>
<meta http-equiv="Content-Type" content="text/html;charset=utf-8" />
  <meta name='ocr-system' content='tesseract 3.04.00' />
  <meta name='ocr-capabilities' content='ocr_page ocr_carea ocr_par ocr_line ocrx_word'/>
</head>
<body>
  <div class='ocr_page' id='page_1' title='image "4738097_0021.png"; bbox 0 0 2057 3375; ppageno 0'>
   <div class='ocr_carea' id='block_1_1' title="bbox 1047 334 1076 375">
    <p class='ocr_par' dir='ltr' id='par_1_1' title="bbox 1047 334 1076 375">
     <span class='ocr_line' id='line_1_1' title="bbox 1047 334 1076 375; baseline 0 0"><span class='ocrx_word' id='word_1_1' title='bbox 1047 334 1076 375; x_wconf 89' lang='lat'>4</span> 
     </span>
    </p>
   </div>
   <div class='ocr_carea' id='block_1_2' title="bbox 362 472 1746 2830">
    <p class='ocr_par' dir='ltr' id='par_1_2' title="bbox 370 472 1746 1232">
     <span class='ocr_line' id='line_1_2' title="bbox 377 472 1745 528; baseline 0 -11"><span class='ocrx_word' id='word_1_2' title='bbox 377 475 502 518; x_wconf 86' lang='lat' dir='ltr'>huius</span> <span class='ocrx_word' id='word_1_3' title='bbox 540 477 696 528; x_wconf 90' lang='lat' dir='ltr'>poetae</span> <span class='ocrx_word' id='word_1_4' title='bbox 733 473 881 516; x_wconf 89' lang='lat' dir='ltr'>codice</span> <span class='ocrx_word' id='word_1_5' title='bbox 918 474 962 515; x_wconf 93' lang='lat' dir='ltr'>in</span> <span class='ocrx_word' id='word_1_6' title='bbox 1000 472 1175 516; x_wconf 85' lang='lat' dir='ltr'>Scholia</span> <span class='ocrx_word' id='word_1_7' title='bbox 1205 473 1478 516; x_wconf 81' lang='lat' dir='ltr'><strong>translatam.</strong></span> <span class='ocrx_word' id='word_1_8' title='bbox 1518 473 1555 515; x_wconf 90' lang='lat' dir='ltr'>E</span> <span class='ocrx_word' id='word_1_9' title='bbox 1580 474 1745 518; x_wconf 88' lang='lat' dir='ltr'>Galeno</span> 
     </span>
     <span class='ocr_line' id='line_1_3' title="bbox 375 539 1746 610; baseline 0 -13"><span class='ocrx_word' id='word_1_10' title='bbox 375 539 523 609; x_wconf 69' lang='lat' dir='ltr'>petita</span> <span class='ocrx_word' id='word_1_11' title='bbox 548 558 671 604; x_wconf 89' lang='lat' dir='ltr'>sunt,</span> <span class='ocrx_word' id='word_1_12' title='bbox 714 568 825 609; x_wconf 87' lang='lat' dir='ltr'>quae</span> <span class='ocrx_word' id='word_1_13' title='bbox 858 553 1059 609; x_wconf 86' lang='lat' dir='ltr'>leguntur</span> <span class='ocrx_word' id='word_1_14' title='bbox 1090 553 1195 597; x_wconf 90' lang='lat' dir='ltr'><strong>ibid.</strong></span> <span class='ocrx_word' id='word_1_15' title='bbox 1234 553 1318 596; x_wconf 83' lang='lat'>185</span> <span class='ocrx_word' id='word_1_16' title='bbox 1351 553 1396 597; x_wconf 87' lang='lat' dir='ltr'>C.</span> <span class='ocrx_word' id='word_1_17' title='bbox 1459 553 1746 610; x_wconf 81' lang='lat' dir='ltr'><strong>Theophrasti</strong></span> 
     </span>
     <span class='ocr_line' id='line_1_4' title="bbox 373 632 1745 688; baseline 0.001 -13"><span class='ocrx_word' id='word_1_18' title='bbox 373 632 557 675; x_wconf 84' lang='lat' dir='ltr'>historia</span> <span class='ocrx_word' id='word_1_19' title='bbox 588 633 835 687; x_wconf 82' lang='lat' dir='ltr'>plantarum</span> <span class='ocrx_word' id='word_1_20' title='bbox 869 632 1065 675; x_wconf 79' lang='lat' dir='ltr'>adhibita</span> <span class='ocrx_word' id='word_1_21' title='bbox 1097 636 1164 675; x_wconf 84' lang='lat' dir='ltr'>est</span> <span class='ocrx_word' id='word_1_22' title='bbox 1197 632 1337 676; x_wconf 91' lang='lat' dir='ltr'>Schol.</span> <span class='ocrx_word' id='word_1_23' title='bbox 1371 633 1476 688; x_wconf 91' lang='lat' dir='ltr'>Rep.</span> <span class='ocrx_word' id='word_1_24' title='bbox 1499 632 1745 677; x_wconf 74' lang='lat' dir='ltr'>V124880</span> 
     </span>
     <span class='ocr_line' id='line_1_5' title="bbox 374 711 1745 768; baseline 0 -12"><span class='ocrx_word' id='word_1_25' title='bbox 374 718 418 756; x_wconf 87' lang='lat' dir='ltr'>et</span> <span class='ocrx_word' id='word_1_26' title='bbox 451 713 575 755; x_wconf 86' lang='lat' dir='ltr'>VIII:</span> <span class='ocrx_word' id='word_1_27' title='bbox 615 713 704 755; x_wconf 87' lang='lat'>560</span> <span class='ocrx_word' id='word_1_28' title='bbox 737 711 780 755; x_wconf 87' lang='lat' dir='ltr'>G.</span> <span class='ocrx_word' id='word_1_29' title='bbox 829 712 1066 756; x_wconf 83' lang='lat' dir='ltr'>Ptolemaei</span> <span class='ocrx_word' id='word_1_30' title='bbox 1099 727 1207 768; x_wconf 90' lang='lat' dir='ltr'>opus</span> <span class='ocrx_word' id='word_1_31' title='bbox 1241 713 1294 756; x_wconf 88' lang='lat' dir='ltr'>de</span> <span class='ocrx_word' id='word_1_32' title='bbox 1328 718 1422 756; x_wconf 84' lang='lat' dir='ltr'>arte</span> <span class='ocrx_word' id='word_1_33' title='bbox 1456 714 1623 757; x_wconf 89' lang='lat' dir='ltr'>musica</span> <span class='ocrx_word' id='word_1_34' title='bbox 1653 713 1745 756; x_wconf 87' lang='lat' dir='ltr'>lau-</span> 
     </span>
     <span class='ocr_line' id='line_1_6' title="bbox 373 791 1745 847; baseline 0.001 -13"><span class='ocrx_word' id='word_1_35' title='bbox 373 793 501 835; x_wconf 86' lang='lat' dir='ltr'>datur</span> <span class='ocrx_word' id='word_1_36' title='bbox 544 791 683 834; x_wconf 87' lang='lat' dir='ltr'>Schol.</span> <span class='ocrx_word' id='word_1_37' title='bbox 726 791 831 847; x_wconf 91' lang='lat' dir='ltr'>Rep.</span> <span class='ocrx_word' id='word_1_38' title='bbox 874 791 960 834; x_wconf 91' lang='lat' dir='ltr'>III:</span> <span class='ocrx_word' id='word_1_39' title='bbox 994 791 1083 833; x_wconf 88' lang='lat'>443</span> <span class='ocrx_word' id='word_1_40' title='bbox 1118 791 1167 834; x_wconf 92' lang='lat' dir='ltr'>D.</span> <span class='ocrx_word' id='word_1_41' title='bbox 1228 791 1475 844; x_wconf 82' lang='lat' dir='ltr'>Postremo,</span> <span class='ocrx_word' id='word_1_42' title='bbox 1507 797 1556 835; x_wconf 93' lang='lat' dir='ltr'>ut</span> <span class='ocrx_word' id='word_1_43' title='bbox 1587 793 1630 834; x_wconf 93' lang='lat' dir='ltr'>in</span> <span class='ocrx_word' id='word_1_44' title='bbox 1663 792 1745 835; x_wconf 90' lang='lat' dir='ltr'>hoc</span> 
     </span>
     <span class='ocr_line' id='line_1_7' title="bbox 371 870 1745 926; baseline 0.001 -13"><span class='ocrx_word' id='word_1_45' title='bbox 371 871 500 913; x_wconf 83' lang='lat' dir='ltr'>finem</span> <span class='ocrx_word' id='word_1_46' title='bbox 542 870 724 922; x_wconf 89' lang='lat' dir='ltr'>faciam,</span> <span class='ocrx_word' id='word_1_47' title='bbox 768 871 939 913; x_wconf 89' lang='lat' dir='ltr'>Scholio</span> <span class='ocrx_word' id='word_1_48' title='bbox 983 871 1039 913; x_wconf 85' lang='lat' dir='ltr'>ad</span> <span class='ocrx_word' id='word_1_49' title='bbox 1083 871 1230 926; x_wconf 86' lang='lat' dir='ltr'>Remp.</span> <span class='ocrx_word' id='word_1_50' title='bbox 1264 871 1311 914; x_wconf 88' lang='lat' dir='ltr'>I:</span> <span class='ocrx_word' id='word_1_51' title='bbox 1358 872 1444 914; x_wconf 83' lang='grc'>338</span> <span class='ocrx_word' id='word_1_52' title='bbox 1477 871 1510 914; x_wconf 83' lang='lat' dir='ltr'>G</span> <span class='ocrx_word' id='word_1_53' title='bbox 1551 873 1603 914; x_wconf 89' lang='lat' dir='ltr'>de</span> <span class='ocrx_word' id='word_1_54' title='bbox 1637 886 1745 926; x_wconf 91' lang='lat' dir='ltr'>pan-</span> 
     </span>
     <span class='ocr_line' id='line_1_8' title="bbox 372 950 1743 1006; baseline 0.003 -12"><span class='ocrx_word' id='word_1_55' title='bbox 372 951 508 994; x_wconf 87' lang='lat' dir='ltr'>cratio</span> <span class='ocrx_word' id='word_1_56' title='bbox 551 951 809 1002; x_wconf 81' lang='lat' dir='ltr'>certamine,</span> <span class='ocrx_word' id='word_1_57' title='bbox 843 950 1037 993; x_wconf 83' lang='lat' dir='ltr'>additum</span> <span class='ocrx_word' id='word_1_58' title='bbox 1068 950 1271 1006; x_wconf 83' lang='lat' dir='ltr'>legimus:</span> <span class='ocrx_word' id='word_1_59' title='bbox 1308 955 1442 994; x_wconf 64' lang='grc' dir='ltr'><em>ταῦτα</em></span> <span class='ocrx_word' id='word_1_60' title='bbox 1480 950 1743 1005; x_wconf 71' lang='grc' dir='ltr'>Φιλόστρατός</span> 
     </span>
     <span class='ocr_line' id='line_1_9' title="bbox 370 1031 1744 1084; baseline 0 -10"><span class='ocrx_word' id='word_1_61' title='bbox 370 1037 491 1084; x_wconf 70' lang='lat' dir='ltr'>&lt;Duo-tv</span> <span class='ocrx_word' id='word_1_62' title='bbox 520 1033 557 1073; x_wconf 84' lang='grc' dir='ltr'>ἐν</span> <span class='ocrx_word' id='word_1_63' title='bbox 584 1033 638 1081; x_wconf 76' lang='grc' dir='ltr'>τῷ</span> <span class='ocrx_word' id='word_1_64' title='bbox 670 1031 754 1082; x_wconf 75' lang='grc' dir='ltr'>περὶ</span> <span class='ocrx_word' id='word_1_65' title='bbox 777 1037 1079 1082; x_wconf 64' lang='grc' dir='ltr'>γυμναστικῆςς</span> <span class='ocrx_word' id='word_1_66' title='bbox 1103 1031 1293 1074; x_wconf 87' lang='lat' dir='ltr'>indidem</span> <span class='ocrx_word' id='word_1_67' title='bbox 1318 1035 1460 1074; x_wconf 82' lang='lat' dir='ltr'>sumta</span> <span class='ocrx_word' id='word_1_68' title='bbox 1482 1035 1583 1074; x_wconf 77' lang='lat' dir='ltr'>sunt</span> <span class='ocrx_word' id='word_1_69' title='bbox 1604 1031 1744 1075; x_wconf 83' lang='lat' dir='ltr'>Schol.</span> 
     </span>
     <span class='ocr_line' id='line_1_10' title="bbox 370 1110 1742 1166; baseline 0 -14"><span class='ocrx_word' id='word_1_70' title='bbox 370 1111 473 1165; x_wconf 90' lang='lat' dir='ltr'>Rep.</span> <span class='ocrx_word' id='word_1_71' title='bbox 510 1110 557 1153; x_wconf 89' lang='lat' dir='ltr'>I:</span> <span class='ocrx_word' id='word_1_72' title='bbox 592 1110 678 1152; x_wconf 83' lang='lat'>338</span> <span class='ocrx_word' id='word_1_73' title='bbox 712 1110 744 1153; x_wconf 91' lang='lat' dir='ltr'>C</span> <span class='ocrx_word' id='word_1_74' title='bbox 778 1111 830 1152; x_wconf 78' lang='lat' dir='ltr'>de</span> <span class='ocrx_word' id='word_1_75' title='bbox 863 1110 1193 1165; x_wconf 83' lang='lat' dir='ltr'>Polydamante,</span> <span class='ocrx_word' id='word_1_76' title='bbox 1231 1115 1359 1165; x_wconf 87' lang='lat' dir='ltr'>atque</span> <span class='ocrx_word' id='word_1_77' title='bbox 1393 1110 1536 1153; x_wconf 87' lang='lat' dir='ltr'>Schol.</span> <span class='ocrx_word' id='word_1_78' title='bbox 1570 1110 1742 1166; x_wconf 85' lang='lat' dir='ltr'>Protag.</span> 
     </span>
     <span class='ocr_line' id='line_1_11' title="bbox 371 1189 989 1232; baseline 0.002 -1"><span class='ocrx_word' id='word_1_79' title='bbox 371 1190 458 1231; x_wconf 86' lang='lat'>335</span> <span class='ocrx_word' id='word_1_80' title='bbox 493 1190 528 1231; x_wconf 92' lang='lat' dir='ltr'><strong>E</strong></span> <span class='ocrx_word' id='word_1_81' title='bbox 561 1190 614 1231; x_wconf 86' lang='lat' dir='ltr'>de</span> <span class='ocrx_word' id='word_1_82' title='bbox 646 1189 989 1232; x_wconf 84' lang='lat' dir='ltr'>dolichodromis.</span> 
     </span>
    </p>

    <p class='ocr_par' dir='ltr' id='par_1_3' title="bbox 362 1267 1742 2830">
     <span class='ocr_line' id='line_1_12' title="bbox 430 1267 1742 1322; baseline 0 -12"><span class='ocrx_word' id='word_1_83' title='bbox 430 1268 602 1310; x_wconf 90' lang='lat' dir='ltr'>Accedo</span> <span class='ocrx_word' id='word_1_84' title='bbox 640 1283 754 1310; x_wconf 89' lang='lat' dir='ltr'>nunc</span> <span class='ocrx_word' id='word_1_85' title='bbox 788 1268 845 1310; x_wconf 88' lang='lat' dir='ltr'>ad</span> <span class='ocrx_word' id='word_1_86' title='bbox 878 1269 1052 1311; x_wconf 87' lang='lat' dir='ltr'>tertium</span> <span class='ocrx_word' id='word_1_87' title='bbox 1087 1267 1357 1310; x_wconf 86' lang='lat' dir='ltr'>Scholiorum</span> <span class='ocrx_word' id='word_1_88' title='bbox 1390 1282 1525 1322; x_wconf 83' lang='lat' dir='ltr'>genus</span> <span class='ocrx_word' id='word_1_89' title='bbox 1558 1269 1583 1311; x_wconf 91' lang='lat' dir='ltr'>i.</span> <span class='ocrx_word' id='word_1_90' title='bbox 1617 1283 1652 1310; x_wconf 89' lang='lat' dir='ltr'>e.</span> <span class='ocrx_word' id='word_1_91' title='bbox 1687 1269 1742 1310; x_wconf 89' lang='lat' dir='ltr'>ad</span> 
     </span>
     <span class='ocr_line' id='line_1_13' title="bbox 368 1346 1738 1404; baseline -0.001 -13"><span class='ocrx_word' id='word_1_92' title='bbox 368 1362 443 1399; x_wconf 82' lang='lat' dir='ltr'>ea,</span> <span class='ocrx_word' id='word_1_93' title='bbox 487 1361 600 1404; x_wconf 88' lang='lat' dir='ltr'>quae</span> <span class='ocrx_word' id='word_1_94' title='bbox 644 1362 667 1390; x_wconf 90' lang='lat' dir='ltr'>e</span> <span class='ocrx_word' id='word_1_95' title='bbox 708 1347 857 1390; x_wconf 84' lang='lat' dir='ltr'>lexicis</span> <span class='ocrx_word' id='word_1_96' title='bbox 890 1348 1268 1403; x_wconf 83' lang='lat' dir='ltr'>grammaticorum</span> <span class='ocrx_word' id='word_1_97' title='bbox 1299 1346 1526 1391; x_wconf 89' lang='lat' dir='ltr'>fluxerunt.</span> <span class='ocrx_word' id='word_1_98' title='bbox 1589 1348 1638 1390; x_wconf 91' lang='lat' dir='ltr'>In</span> <span class='ocrx_word' id='word_1_99' title='bbox 1671 1347 1738 1390; x_wconf 88' lang='lat' dir='ltr'>his</span> 
     </span>
     <span class='ocr_line' id='line_1_14' title="bbox 368 1427 1741 1482; baseline 0 -13"><span class='ocrx_word' id='word_1_100' title='bbox 368 1434 492 1478; x_wconf 86' lang='lat' dir='ltr'>sunt,</span> <span class='ocrx_word' id='word_1_101' title='bbox 526 1441 707 1482; x_wconf 85' lang='lat' dir='ltr'>quorum</span> <span class='ocrx_word' id='word_1_102' title='bbox 744 1428 873 1469; x_wconf 90' lang='lat' dir='ltr'>verbo</span> <span class='ocrx_word' id='word_1_103' title='bbox 908 1428 1150 1469; x_wconf 86' lang='lat' dir='ltr'>meminisse</span> <span class='ocrx_word' id='word_1_104' title='bbox 1184 1427 1352 1470; x_wconf 86' lang='lat' dir='ltr'>sufficit.</span> <span class='ocrx_word' id='word_1_105' title='bbox 1404 1428 1568 1470; x_wconf 90' lang='lat' dir='ltr'>Passim</span> <span class='ocrx_word' id='word_1_106' title='bbox 1592 1442 1741 1470; x_wconf 92' lang='lat' dir='ltr'>occur-</span> 
     </span>
     <span class='ocr_line' id='line_1_15' title="bbox 368 1505 1738 1561; baseline 0 -12"><span class='ocrx_word' id='word_1_107' title='bbox 368 1511 469 1549; x_wconf 92' lang='lat' dir='ltr'>runt</span> <span class='ocrx_word' id='word_1_108' title='bbox 511 1507 555 1548; x_wconf 90' lang='lat' dir='ltr'>in</span> <span class='ocrx_word' id='word_1_109' title='bbox 595 1505 777 1549; x_wconf 87' lang='lat' dir='ltr'>Scholiis</span> <span class='ocrx_word' id='word_1_110' title='bbox 810 1506 1028 1560; x_wconf 83' lang='lat' dir='ltr'>glossulae</span> <span class='ocrx_word' id='word_1_111' title='bbox 1061 1521 1114 1549; x_wconf 87' lang='lat' dir='ltr'>ex</span> <span class='ocrx_word' id='word_1_112' title='bbox 1146 1506 1308 1550; x_wconf 86' lang='lat' dir='ltr'>Timaei</span> <span class='ocrx_word' id='word_1_113' title='bbox 1342 1506 1569 1561; x_wconf 89' lang='lat' dir='ltr'>Sophistae</span> <span class='ocrx_word' id='word_1_114' title='bbox 1602 1506 1738 1551; x_wconf 87' lang='lat' dir='ltr'>lexico</span> 
     </span>
     <span class='ocr_line' id='line_1_16' title="bbox 367 1585 1740 1642; baseline -0.001 -13"><span class='ocrx_word' id='word_1_115' title='bbox 367 1601 518 1630; x_wconf 86' lang='lat' dir='ltr'>vocum</span> <span class='ocrx_word' id='word_1_116' title='bbox 563 1585 910 1637; x_wconf 84' lang='lat' dir='ltr'>Platonicarum3</span> <span class='ocrx_word' id='word_1_117' title='bbox 955 1586 1129 1642; x_wconf 90' lang='lat' dir='ltr'>saepius</span> <span class='ocrx_word' id='word_1_118' title='bbox 1176 1586 1414 1629; x_wconf 90' lang='lat' dir='ltr'>adhibitum</span> <span class='ocrx_word' id='word_1_119' title='bbox 1455 1588 1519 1629; x_wconf 81' lang='lat' dir='ltr'>est</span> <span class='ocrx_word' id='word_1_120' title='bbox 1552 1585 1740 1629; x_wconf 89' lang='lat' dir='ltr'>Pollucis</span> 
     </span>
     <span class='ocr_line' id='line_1_17' title="bbox 367 1664 1740 1719; baseline -0.001 -12"><span class='ocrx_word' id='word_1_121' title='bbox 367 1665 701 1716; x_wconf 84' lang='lat' dir='ltr'>Onomasticon,</span> <span class='ocrx_word' id='word_1_122' title='bbox 743 1666 857 1719; x_wconf 87' lang='lat' dir='ltr'>quod</span> <span class='ocrx_word' id='word_1_123' title='bbox 903 1666 1156 1707; x_wconf 90' lang='lat' dir='ltr'>nominatim</span> <span class='ocrx_word' id='word_1_124' title='bbox 1189 1666 1394 1707; x_wconf 88' lang='lat' dir='ltr'>laudatur</span> <span class='ocrx_word' id='word_1_125' title='bbox 1428 1665 1567 1707; x_wconf 82' lang='lat' dir='ltr'>Schol.</span> <span class='ocrx_word' id='word_1_126' title='bbox 1600 1664 1740 1706; x_wconf 89' lang='lat' dir='ltr'>Alcib.</span> 
     </span>
     <span class='ocr_line' id='line_1_18' title="bbox 366 1744 1737 1801; baseline -0.001 -13"><span class='ocrx_word' id='word_1_127' title='bbox 366 1745 413 1789; x_wconf 90' lang='lat' dir='ltr'>I:</span> <span class='ocrx_word' id='word_1_128' title='bbox 439 1744 521 1788; x_wconf 83' lang='lat'>105</span> <span class='ocrx_word' id='word_1_129' title='bbox 542 1744 581 1788; x_wconf 91' lang='lat' dir='ltr'><strong>A</strong></span> <span class='ocrx_word' id='word_1_130' title='bbox 602 1745 671 1797; x_wconf 66' lang='grc' dir='ltr'>(ὡς</span> <span class='ocrx_word' id='word_1_131' title='bbox 694 1744 939 1793; x_wconf 73' lang='grc' dir='ltr'>Πολυδεύκης</span> <span class='ocrx_word' id='word_1_132' title='bbox 962 1746 1001 1787; x_wconf 81' lang='grc' dir='ltr'>ἐν</span> <span class='ocrx_word' id='word_1_133' title='bbox 1026 1746 1346 1795; x_wconf 74' lang='grc' dir='ltr'><em>Ὀνομασ-τικοῖς,</em></span> <span class='ocrx_word' id='word_1_134' title='bbox 1367 1744 1455 1788; x_wconf 85' lang='lat' dir='ltr'>scil.</span> <span class='ocrx_word' id='word_1_135' title='bbox 1475 1744 1598 1788; x_wconf 90' lang='lat' dir='ltr'>VIII:</span> <span class='ocrx_word' id='word_1_136' title='bbox 1622 1744 1737 1801; x_wconf 83' lang='grc'><strong>105),</strong></span> 
     </span>
     <span class='ocr_line' id='line_1_19' title="bbox 367 1822 1738 1879; baseline 0.001 -14"><span class='ocrx_word' id='word_1_137' title='bbox 367 1822 420 1866; x_wconf 90' lang='lat' dir='ltr'>cf.</span> <span class='ocrx_word' id='word_1_138' title='bbox 454 1822 594 1866; x_wconf 89' lang='lat' dir='ltr'>Schol.</span> <span class='ocrx_word' id='word_1_139' title='bbox 629 1823 868 1879; x_wconf 84' lang='lat' dir='ltr'>Euthyphr.</span> <span class='ocrx_word' id='word_1_140' title='bbox 903 1825 929 1865; x_wconf 80' lang='lat'><strong><em>2</em></strong></span> <span class='ocrx_word' id='word_1_141' title='bbox 963 1823 999 1865; x_wconf 93' lang='lat' dir='ltr'><strong>A</strong></span> <span class='ocrx_word' id='word_1_142' title='bbox 1039 1823 1259 1873; x_wconf 71' lang='grc' dir='ltr'><em>βασιλεύς,</em></span> <span class='ocrx_word' id='word_1_143' title='bbox 1296 1823 1400 1877; x_wconf 89' lang='lat' dir='ltr'>Rep.</span> <span class='ocrx_word' id='word_1_144' title='bbox 1434 1822 1560 1865; x_wconf 88' lang='lat' dir='ltr'>VIII:</span> <span class='ocrx_word' id='word_1_145' title='bbox 1595 1822 1683 1865; x_wconf 85' lang='lat'>550</span> <span class='ocrx_word' id='word_1_146' title='bbox 1705 1823 1738 1866; x_wconf 90' lang='lat' dir='ltr'>C</span> 
     </span>
     <span class='ocr_line' id='line_1_20' title="bbox 367 1902 1738 1956; baseline 0 -13"><span class='ocrx_word' id='word_1_147' title='bbox 367 1903 420 1944; x_wconf 90' lang='lat' dir='ltr'>de</span> <span class='ocrx_word' id='word_1_148' title='bbox 466 1902 615 1956; x_wconf 92' lang='lat' dir='ltr'>populi</span> <span class='ocrx_word' id='word_1_149' title='bbox 657 1902 980 1944; x_wconf 89' lang='lat' dir='ltr'>Atheniensium</span> <span class='ocrx_word' id='word_1_150' title='bbox 1015 1902 1272 1956; x_wconf 85' lang='lat' dir='ltr'>partitione,</span> <span class='ocrx_word' id='word_1_151' title='bbox 1308 1902 1433 1956; x_wconf 86' lang='lat' dir='ltr'>Legg.</span> <span class='ocrx_word' id='word_1_152' title='bbox 1473 1902 1558 1944; x_wconf 85' lang='lat' dir='ltr'>IX:</span> <span class='ocrx_word' id='word_1_153' title='bbox 1594 1902 1681 1943; x_wconf 81' lang='lat'>855</span> <span class='ocrx_word' id='word_1_154' title='bbox 1705 1902 1738 1944; x_wconf 89' lang='lat' dir='ltr'>C</span> 
     </span>
     <span class='ocr_line' id='line_1_21' title="bbox 366 1980 1738 2033; baseline 0 -10"><span class='ocrx_word' id='word_1_155' title='bbox 366 1982 626 2033; x_wconf 71' lang='grc' dir='ltr'>διαψήφισις,</span> <span class='ocrx_word' id='word_1_156' title='bbox 675 1981 777 2023; x_wconf 89' lang='lat' dir='ltr'>ibid.</span> <span class='ocrx_word' id='word_1_157' title='bbox 822 1980 908 2022; x_wconf 86' lang='lat' dir='ltr'>XI:</span> <span class='ocrx_word' id='word_1_158' title='bbox 954 1981 1041 2023; x_wconf 82' lang='grc'>928</span> <span class='ocrx_word' id='word_1_159' title='bbox 1075 1981 1108 2024; x_wconf 86' lang='lat' dir='ltr'>C</span> <span class='ocrx_word' id='word_1_160' title='bbox 1155 1981 1259 2029; x_wconf 73' lang='grc' dir='ltr'><em>δίκην</em></span> <span class='ocrx_word' id='word_1_161' title='bbox 1304 1986 1450 2033; x_wconf 73' lang='grc' dir='ltr'><em>λαχεῖν</em></span> <span class='ocrx_word' id='word_1_162' title='bbox 1494 1996 1588 2023; x_wconf 87' lang='lat' dir='ltr'>cum</span> <span class='ocrx_word' id='word_1_163' title='bbox 1633 1981 1738 2023; x_wconf 90' lang='lat' dir='ltr'>Poll.</span> 
     </span>
     <span class='ocr_line' id='line_1_22' title="bbox 367 2059 1737 2112; baseline -0.001 -9"><span class='ocrx_word' id='word_1_164' title='bbox 367 2059 590 2103; x_wconf 85' lang='lat' dir='ltr'>Onomast.</span> <span class='ocrx_word' id='word_1_165' title='bbox 625 2059 758 2101; x_wconf 89' lang='lat' dir='ltr'>VIII:</span> <span class='ocrx_word' id='word_1_166' title='bbox 793 2059 875 2112; x_wconf 76' lang='lat'>903</span> <span class='ocrx_word' id='word_1_167' title='bbox 915 2059 1021 2110; x_wconf 77' lang='lat'>1303</span> <span class='ocrx_word' id='word_1_168' title='bbox 1055 2060 1112 2102; x_wconf 88' lang='grc'>63</span> <span class='ocrx_word' id='word_1_169' title='bbox 1146 2062 1188 2101; x_wconf 89' lang='lat' dir='ltr'>et</span> <span class='ocrx_word' id='word_1_170' title='bbox 1221 2059 1301 2110; x_wconf 77' lang='lat'>64;</span> <span class='ocrx_word' id='word_1_171' title='bbox 1331 2059 1400 2102; x_wconf 79' lang='lat'>28.</span> <span class='ocrx_word' id='word_1_172' title='bbox 1434 2059 1666 2102; x_wconf 79' lang='lat' dir='ltr'>Praeterea</span> <span class='ocrx_word' id='word_1_173' title='bbox 1694 2060 1737 2101; x_wconf 90' lang='lat' dir='ltr'>in</span> 
     </span>
     <span class='ocr_line' id='line_1_23' title="bbox 367 2139 1738 2194; baseline -0.001 -12"><span class='ocrx_word' id='word_1_174' title='bbox 367 2139 551 2182; x_wconf 89' lang='lat' dir='ltr'>Scholiis</span> <span class='ocrx_word' id='word_1_175' title='bbox 595 2154 753 2194; x_wconf 87' lang='lat' dir='ltr'>magna</span> <span class='ocrx_word' id='word_1_176' title='bbox 797 2139 922 2194; x_wconf 87' lang='lat' dir='ltr'>eopia</span> <span class='ocrx_word' id='word_1_177' title='bbox 967 2139 1291 2194; x_wconf 84' lang='lat' dir='ltr'>proverbiorum</span> <span class='ocrx_word' id='word_1_178' title='bbox 1331 2139 1593 2194; x_wconf 63' lang='lat' dir='ltr'>explicatum</span> <span class='ocrx_word' id='word_1_179' title='bbox 1627 2153 1738 2194; x_wconf 87' lang='lat' dir='ltr'>quae</span> 
     </span>
     <span class='ocr_line' id='line_1_24' title="bbox 367 2217 1736 2275; baseline -0.001 -14"><span class='ocrx_word' id='word_1_180' title='bbox 367 2218 680 2275; x_wconf 80' lang='lat' dir='ltr'>explicationes</span> <span class='ocrx_word' id='word_1_181' title='bbox 699 2218 858 2273; x_wconf 88' lang='lat' dir='ltr'>partim</span> <span class='ocrx_word' id='word_1_182' title='bbox 877 2218 1088 2261; x_wconf 83' lang='lat' dir='ltr'>debentur</span> <span class='ocrx_word' id='word_1_183' title='bbox 1103 2217 1512 2274; x_wconf 88' lang='lat' dir='ltr'>Neoplatonicorum</span> <span class='ocrx_word' id='word_1_184' title='bbox 1527 2232 1736 2261; x_wconf 90' lang='lat' dir='ltr'>commen·</span> 
     </span>
     <span class='ocr_line' id='line_1_25' title="bbox 363 2296 1736 2353; baseline -0.001 -13"><span class='ocrx_word' id='word_1_185' title='bbox 363 2298 511 2350; x_wconf 87' lang='lat' dir='ltr'>tariis,</span> <span class='ocrx_word' id='word_1_186' title='bbox 537 2298 769 2353; x_wconf 86' lang='lat' dir='ltr'>praecipue</span> <span class='ocrx_word' id='word_1_187' title='bbox 793 2302 934 2340; x_wconf 89' lang='lat' dir='ltr'>autem</span> <span class='ocrx_word' id='word_1_188' title='bbox 961 2297 1182 2340; x_wconf 88' lang='lat' dir='ltr'>desumtae</span> <span class='ocrx_word' id='word_1_189' title='bbox 1212 2301 1313 2339; x_wconf 88' lang='lat' dir='ltr'>sunt</span> <span class='ocrx_word' id='word_1_190' title='bbox 1340 2310 1392 2339; x_wconf 89' lang='lat' dir='ltr'>ex</span> <span class='ocrx_word' id='word_1_191' title='bbox 1414 2296 1568 2340; x_wconf 87' lang='lat' dir='ltr'>Boethi</span> <span class='ocrx_word' id='word_1_192' title='bbox 1589 2296 1736 2339; x_wconf 85' lang='lat' dir='ltr'>lexicis</span> 
     </span>
     <span class='ocr_line' id='line_1_26' title="bbox 364 2376 1735 2431; baseline -0.001 -12"><span class='ocrx_word' id='word_1_193' title='bbox 364 2377 599 2419; x_wconf 88' lang='lat' dir='ltr'>Platonicis</span> <span class='ocrx_word' id='word_1_194' title='bbox 633 2377 703 2430; x_wconf 84' lang='lat' dir='ltr'>(cf.</span> <span class='ocrx_word' id='word_1_195' title='bbox 737 2376 894 2419; x_wconf 84' lang='lat' dir='ltr'>Naber.</span> <span class='ocrx_word' id='word_1_196' title='bbox 927 2376 1093 2431; x_wconf 87' lang='lat' dir='ltr'>Proleg.</span> <span class='ocrx_word' id='word_1_197' title='bbox 1128 2377 1184 2419; x_wconf 87' lang='lat' dir='ltr'>ad</span> <span class='ocrx_word' id='word_1_198' title='bbox 1216 2377 1373 2430; x_wconf 81' lang='lat' dir='ltr'>Phot.)‚</span> <span class='ocrx_word' id='word_1_199' title='bbox 1399 2376 1584 2419; x_wconf 86' lang='lat' dir='ltr'>fortasse</span> <span class='ocrx_word' id='word_1_200' title='bbox 1607 2376 1735 2418; x_wconf 81' lang='lat' dir='ltr'>etiam</span> 
     </span>
     <span class='ocr_line' id='line_1_27' title="bbox 364 2455 1733 2511; baseline -0.001 -12"><span class='ocrx_word' id='word_1_201' title='bbox 364 2471 416 2499; x_wconf 89' lang='lat' dir='ltr'>ex</span> <span class='ocrx_word' id='word_1_202' title='bbox 454 2456 576 2499; x_wconf 87' lang='lat' dir='ltr'>libris</span> <span class='ocrx_word' id='word_1_203' title='bbox 617 2455 787 2511; x_wconf 84' lang='lat' dir='ltr'>Didymi</span> <span class='ocrx_word' id='word_1_204' title='bbox 829 2460 873 2498; x_wconf 88' lang='lat' dir='ltr'>et</span> <span class='ocrx_word' id='word_1_205' title='bbox 904 2455 1137 2508; x_wconf 89' lang='lat' dir='ltr'>Tarrhaei,</span> <span class='ocrx_word' id='word_1_206' title='bbox 1170 2455 1350 2498; x_wconf 91' lang='lat' dir='ltr'>Zenobii</span> <span class='ocrx_word' id='word_1_207' title='bbox 1383 2458 1426 2497; x_wconf 89' lang='lat' dir='ltr'>et</span> <span class='ocrx_word' id='word_1_208' title='bbox 1456 2455 1733 2511; x_wconf 85' lang='lat' dir='ltr'>Diogeniani,</span> 
     </span>
     <span class='ocr_line' id='line_1_28' title="bbox 364 2533 1736 2590; baseline -0.002 -12"><span class='ocrx_word' id='word_1_209' title='bbox 364 2540 495 2590; x_wconf 89' lang='lat' dir='ltr'>atque</span> <span class='ocrx_word' id='word_1_210' title='bbox 529 2549 551 2577; x_wconf 88' lang='lat' dir='ltr'>e</span> <span class='ocrx_word' id='word_1_211' title='bbox 585 2535 826 2577; x_wconf 79' lang='lat' dir='ltr'>Pausaniae</span> <span class='ocrx_word' id='word_1_212' title='bbox 859 2535 1089 2577; x_wconf 87' lang='lat' dir='ltr'>Atticistae</span> <span class='ocrx_word' id='word_1_213' title='bbox 1122 2535 1259 2577; x_wconf 88' lang='lat' dir='ltr'>lexico</span> <span class='ocrx_word' id='word_1_214' title='bbox 1289 2534 1503 2577; x_wconf 82' lang='lat' dir='ltr'>rhetorico</span> <span class='ocrx_word' id='word_1_215' title='bbox 1526 2533 1595 2587; x_wconf 88' lang='lat' dir='ltr'>(cf.</span> <span class='ocrx_word' id='word_1_216' title='bbox 1628 2533 1736 2576; x_wconf 90' lang='lat' dir='ltr'>Met-</span> 
     </span>
     <span class='ocr_line' id='line_1_29' title="bbox 363 2613 1736 2670; baseline -0.002 -12"><span class='ocrx_word' id='word_1_217' title='bbox 363 2619 499 2658; x_wconf 85' lang='lat' dir='ltr'>tauer</span> <span class='ocrx_word' id='word_1_218' title='bbox 544 2614 599 2657; x_wconf 93' lang='grc'><strong>1.1.</strong></span> <span class='ocrx_word' id='word_1_219' title='bbox 640 2628 707 2669; x_wconf 87' lang='lat' dir='ltr'>pg.</span> <span class='ocrx_word' id='word_1_220' title='bbox 745 2614 829 2657; x_wconf 89' lang='lat'>105</span> <span class='ocrx_word' id='word_1_221' title='bbox 863 2617 986 2670; x_wconf 88' lang='lat' dir='ltr'>sqq.).</span> <span class='ocrx_word' id='word_1_222' title='bbox 1052 2613 1160 2657; x_wconf 90' lang='lat' dir='ltr'>Cum</span> <span class='ocrx_word' id='word_1_223' title='bbox 1204 2618 1347 2656; x_wconf 86' lang='lat' dir='ltr'>autem</span> <span class='ocrx_word' id='word_1_224' title='bbox 1391 2618 1435 2656; x_wconf 88' lang='lat' dir='ltr'>et</span> <span class='ocrx_word' id='word_1_225' title='bbox 1474 2613 1736 2667; x_wconf 83' lang='lat' dir='ltr'>investigare</span> 
     </span>
     <span class='ocr_line' id='line_1_30' title="bbox 363 2691 1734 2749; baseline -0.001 -12"><span class='ocrx_word' id='word_1_226' title='bbox 363 2709 416 2738; x_wconf 86' lang='lat' dir='ltr'>ex</span> <span class='ocrx_word' id='word_1_227' title='bbox 465 2708 550 2748; x_wconf 93' lang='lat' dir='ltr'>quo</span> <span class='ocrx_word' id='word_1_228' title='bbox 600 2692 719 2735; x_wconf 88' lang='lat' dir='ltr'>fonte</span> <span class='ocrx_word' id='word_1_229' title='bbox 770 2707 969 2749; x_wconf 87' lang='lat' dir='ltr'>quaeque</span> <span class='ocrx_word' id='word_1_230' title='bbox 1019 2694 1250 2749; x_wconf 84' lang='lat' dir='ltr'>explicatio</span> <span class='ocrx_word' id='word_1_231' title='bbox 1294 2692 1466 2735; x_wconf 88' lang='lat' dir='ltr'>fluxerit</span> <span class='ocrx_word' id='word_1_232' title='bbox 1505 2692 1571 2735; x_wconf 88' lang='lat' dir='ltr'>vel</span> <span class='ocrx_word' id='word_1_233' title='bbox 1601 2691 1734 2735; x_wconf 89' lang='lat' dir='ltr'>fluere</span> 
     </span>
     <span class='ocr_line' id='line_1_31' title="bbox 362 2771 1733 2830; baseline -0.002 -13"><span class='ocrx_word' id='word_1_234' title='bbox 362 2772 577 2830; x_wconf 89' lang='lat' dir='ltr'>potuerit,</span> <span class='ocrx_word' id='word_1_235' title='bbox 617 2772 832 2827; x_wconf 85' lang='lat' dir='ltr'>integram</span> <span class='ocrx_word' id='word_1_236' title='bbox 877 2772 1222 2828; x_wconf 85' lang='lat' dir='ltr'>disquisitionem</span> <span class='ocrx_word' id='word_1_237' title='bbox 1261 2772 1480 2827; x_wconf 88' lang='lat' dir='ltr'>requirere</span> <span class='ocrx_word' id='word_1_238' title='bbox 1520 2771 1733 2824; x_wconf 86' lang='lat' dir='ltr'>videatur,</span> 
     </span>
    </p>
   </div>
  </div>
 </body>
</html>
