2057 3375
856 311 912 353 39

201 449 385 499 λογισταὶ
430 450 496 490 καὶ
540 449 715 501 πάρεδροι
752 449 819 502 ἐφ’
855 449 1004 501 ἑκάστῃ
1036 451 1145 502 ἀρχῇ
1162 463 1170 472 ·
1205 450 1271 491 καὶ
1303 451 1384 501 γαρ
1419 451 1469 502 τῷ
1499 448 1568 501 ἄρ-

200 537 313 580 χοντι
355 527 501 574 εὔθυνος
536 525 578 577 ἦν
610 526 677 569 καὶ
710 526 916 584 πάρεδρος,
950 528 1015 570 καὶ
1051 529 1104 581 τῷ
1135 527 1305 579 βασιλεῖ
1332 528 1467 579 ὁμοίως
1501 528 1567 570 καὶ

201 608 255 659 τῷ
297 605 542 659 πολεμάρχῳ
573 606 639 648 καὶ
672 611 753 653 τοῖς
781 606 1044 658 θεσμοθέταις.
1071 606 1280 661 ε’κπροὶσσει
1309 607 1349 649 δὲ
1378 608 1395 650 ὁ
1422 608 1568 655 εὔθυνος

200 684 274 729 ὅσα
316 687 379 729 ἐπὶ
421 690 492 735 τῆς
533 687 688 742 ἀρχῆς,
733 684 758 740 ᾖ
794 687 1109 739 προστέτακται,
1137 684 1272 740 ὦφλόν
1303 703 1402 734 τινες
1436 687 1488 734 εἷς
1522 688 1568 730 τὸ

202 764 393 816 δημόσιον.

260 843 397 887 Multo
440 844 610 888 brevius
642 843 774 887 Bekk.
807 843 887 887 lex.
920 843 1028 888 rhet.
1060 843 1176 887 idem
1207 857 1344 900 usque
1376 843 1433 888 ad
1466 857 1505 888 v.
1535 844 1568 887 οἱ

200 922 397 974 λογισταί.
459 922 579 975 Quae
619 922 736 979 apud
774 921 976 965 Photium
1008 922 1228 978 leguntur:
1273 924 1492 965 εὐθῦναι·
1536 924 1568 965 οἱ

200 1003 465 1054 ἀπολογισμοὶ
498 1007 572 1044 τῶν
602 1002 801 1055 ἀρξάντων
818 1016 828 1026 ·
860 1002 925 1043 καὶ
959 1002 1123 1044 εὔθυνοι·
1157 1003 1190 1043 οἱ
1222 1003 1380 1049 τούτους
1412 1003 1568 1055 ἀνακρί-

201 1097 347 1130 νοντες·
391 1082 534 1133 Νόμων
574 1081 631 1133 ιβ’
648 1096 657 1106 ·
701 1082 733 1124 εἰ
776 1081 815 1125 δὲ
856 1083 913 1132 μὴ
958 1081 1114 1129 τούτους
1151 1082 1395 1125 κατευθύνειν
1427 1081 1570 1131 αὐτοὺς

200 1161 503 1205 κατευθύνοντα·
549 1161 616 1203 καὶ
663 1163 755 1210 μετ’
803 1160 949 1211 ὀλίγα·
998 1161 1052 1203 διὸ
1100 1161 1144 1209 δὴ
1188 1161 1247 1203 δεῖ
1284 1162 1442 1209 παντως
1475 1163 1563 1208 τοὺς

200 1241 372 1288 εὐθύνους
417 1241 669 1290 θαυμαστοὺς
716 1243 854 1282 πᾶσαν
896 1240 1035 1292 οὶρετὴν
1077 1237 1173 1281 εἶναι
1189 1253 1197 1262 ·
1251 1241 1363 1290 ἡμεῖς
1411 1240 1568 1288 τούτους

200 1321 396 1371 λογιστὰς
427 1318 598 1370 λέγομεν
630 1318 786 1362 Boethi
818 1331 914 1361 esse
946 1317 1156 1361 videntur.

260 1398 362 1441 ibid.
403 1397 466 1441 XI
481 1415 490 1440 ε
508 1398 596 1441 936
640 1397 677 1439 Ι)
719 1412 856 1440 κακο-
977 1396 1078 1440 Lex.
1099 1397 1205 1440 rhet.
1228 1397 1361 1440 Bekk.
1381 1397 1466 1440 268
1482 1430 1494 1449 ‚
1512 1398 1570 1440 24

201 1481 405 1530 τεχνιῶν
445 1479 549 1526 δίκης
581 1477 700 1527 ὄνομα
731 1478 854 1527 ἐστιν,
920 1481 1268 1529 κακοτεχνιῶν·
1311 1478 1416 1525 δίκης
1448 1475 1568 1525 ὄνομα

200 1555 243 1606 ἣν
273 1558 452 1612 εἰσῄεσαν
483 1557 515 1599 οἱ
546 1556 728 1607 λέγοντες
751 1556 853 1608 μαρ-
914 1557 1040 1611 ἐστιν,
1075 1555 1119 1606 ἣν
1154 1556 1332 1611 εἰσῄεσαν
1354 1556 1387 1599 οἱ
1404 1556 1563 1609 ἔχοντες

200 1652 317 1685 τυρας
358 1637 708 1689 ψευδομαρτυρεῖν,
749 1636 857 1678 κατὰ
919 1637 1135 1688 μαρτυρίαν
1201 1637 1561 1689 ψευδομαρτυριῶν,

199 1720 274 1758 τῶν
306 1716 619 1768 παρασχομένων
650 1717 737 1761 τοὺς
755 1719 848 1767 ψευ-
910 1715 1019 1757 κατα
1051 1719 1125 1756 τῶν
1164 1713 1442 1768 παρεχομένων
1475 1716 1563 1762 τοὺς

200 1794 456 1846 δομαρτυρας.
918 1793 1074 1846 ψευδεῖς
1105 1794 1323 1846 μάρτυρας.

261 1875 448 1918 Eaedem
492 1874 763 1929 corruptelae
806 1876 937 1928 atque
980 1874 1024 1915 in
1068 1872 1238 1917 Scholio
1271 1877 1396 1916 erant
1428 1873 1472 1917 in
1504 1873 1559 1929 gl.

202 1953 318 2008 apud
344 1952 564 2004 Photium,
587 1965 696 2007 quas
719 1952 904 1994 correxit
924 1952 1149 1994 Dobraeus
1172 1953 1386 1995 scribens:
1409 1953 1562 1998 ἑλόντες

200 2032 401 2083 μάρτυρας
443 2031 791 2083 ψευδομαρτυριῶν.
855 2029 906 2071 In
947 2029 1032 2072 fine
1074 2030 1253 2072 Photius
1286 2035 1403 2073 recte
1434 2031 1566 2073 habet

198 2115 273 2154 τῶν
305 2111 619 2163 παρασχομένων
652 2110 808 2157 αὐτούς.

260 2190 363 2235 ibid.
406 2190 521 2234 XII:
546 2191 635 2234 953
677 2189 710 2235 G
753 2206 854 2243 πρυ·
977 2188 1078 2232 Lex.
1111 2188 1220 2233 rhet.
1252 2188 1385 2232 Bekk.
1408 2190 1514 2241 291,
1536 2190 1565 2232 4

199 2271 359 2316 nivem
413 2271 483 2313 εἰσὶ
537 2271 648 2323 μέρος
701 2286 738 2313 τι
786 2274 861 2312 τῶν
923 2269 1178 2323 πρυτάνεις
1206 2271 1333 2316 τίνες
1361 2271 1473 2321 εἶσί,
1498 2270 1563 2311 καὶ

199 2351 460 2393 πεντακοσίων
490 2351 536 2392 τὸ
567 2350 746 2399 δέκατον,
765 2365 857 2391 πεν-
920 2348 1253 2401 πρυτανεύειν·
1286 2349 1398 2401 μέρος
1429 2366 1466 2391 τι
1492 2355 1563 2398 τῆς

199 2431 369 2480 τήκοντα
400 2428 555 2483 ἄνδρες,
588 2430 620 2472 οἱ
637 2430 859 2475 διοικοῦντες
922 2427 1070 2478 βουλῆς
1102 2431 1177 2470 τῶν
1209 2428 1485 2479 πεντακοσίων,
1518 2428 1563 2471 τὸ

199 2509 366 2552 ἅπαντα
407 2511 462 2552 τα
501 2510 575 2551 ὑπὸ
607 2515 676 2557 τῆς
707 2509 857 2559 βουλῆς
920 2508 1093 2556 δέκατον,
1141 2508 1383 2556 πεντήκοντα
1431 2508 1562 2560 ἄνδρες

201 2593 480 2644 πραττόμενα,
515 2588 582 2631 καὶ
600 2587 854 2641 ἐπρυτάνευον
915 2587 996 2630 ἀπὸ
1027 2589 1124 2638 μιᾶς
1158 2593 1313 2639 φυλῆς,
1336 2587 1368 2630 οἱ
1387 2587 1564 2630 διοικοῦν-

198 2670 308 2713 κατόι
340 2669 574 2723 πρυτανείαν
598 2668 640 2710 ἐκ
657 2667 854 2720 διαδοχῆς.
918 2683 983 2714 τες
1015 2664 1182 2710 ἅπαντα
1213 2667 1268 2709 τοὶ
1290 2665 1450 2716 ὑπὸτῆς
1466 2666 1563 2716 βου-

199 2752 414 2805 πρυτανεία
444 2749 483 2793 δέ
505 2751 608 2792 ἐστιν
622 2749 779 2802 ἀριθμός
796 2764 855 2796 τις
917 2752 989 2796 λῆς
1032 2747 1314 2801 πραττόμενα,
1357 2747 1562 2800 πρυτάνεις
